date_utc,tradeId,instrument,tradeSeq,timeStamp,quantity,amount,price,direction,tickDirection,indexPrice,iv
2019-10-06 11:55:36.100,43829538,BTC-29NOV19-9000-C,42,1570362936100,7.5,7.5,0.0735,buy,0,7970.56,78.75
2019-10-06 14:44:46.353,43837194,BTC-29NOV19-9000-C,43,1570373086353,10.0,10.0,0.068,buy,2,7914.86,76.59
2019-10-06 15:15:20.410,43839904,BTC-29NOV19-9000-C,44,1570374920410,0.1,0.1,0.07200000000000001,buy,0,8000.82,76.93
2019-10-06 19:13:56.690,43871191,BTC-29NOV19-9000-C,45,1570389236690,0.1,0.1,0.07200000000000001,buy,1,7878.1,80.48
2019-10-07 06:06:19.633,43916822,BTC-29NOV19-9000-C,46,1570428379633,2.5,2.5,0.069,buy,2,7842.64,79.53
2019-10-07 06:09:21.835,43916932,BTC-29NOV19-9000-C,47,1570428561835,10.0,10.0,0.068,sell,2,7834.95,79.05
2019-10-07 06:15:54.521,43917180,BTC-29NOV19-9000-C,48,1570428954521,2.5,2.5,0.0685,buy,0,7834.77,79.33
2019-10-07 11:06:39.253,43937159,BTC-29NOV19-9000-C,49,1570446399253,0.1,0.1,0.0755,buy,0,8025.33,78.68
2019-10-07 11:06:39.253,43937160,BTC-29NOV19-9000-C,50,1570446399253,0.1,0.1,0.0755,buy,1,8025.33,78.68
2019-10-07 12:21:32.374,43942059,BTC-29NOV19-9000-C,51,1570450892374,0.5,0.5,0.0745,buy,2,8041.67,77.61
2019-10-07 12:46:17.213,43950085,BTC-29NOV19-9000-C,52,1570452377213,10.0,10.0,0.078,buy,0,8146.0,77.2
2019-10-07 13:05:20.569,43952391,BTC-29NOV19-9000-C,53,1570453520569,10.0,10.0,0.078,buy,1,8153.49,76.89
2019-10-07 13:21:44.150,43955886,BTC-29NOV19-9000-C,54,1570454504150,0.1,0.1,0.08,buy,0,8194.98,77.12
2019-10-07 13:22:32.852,43956370,BTC-29NOV19-9000-C,55,1570454552852,0.1,0.1,0.08,buy,1,8209.06,76.68
2019-10-07 16:41:12.943,43974215,BTC-29NOV19-9000-C,56,1570466472943,0.2,0.2,0.08,buy,1,8218.59,76.63
2019-10-07 18:13:39.698,43987606,BTC-29NOV19-9000-C,57,1570472019698,0.5,0.5,0.0845,buy,0,8292.84,77.34
2019-10-08 03:01:03.602,44015783,BTC-29NOV19-9000-C,58,1570503663602,2.1,2.1,0.085,sell,0,8280.08,78.11
2019-10-08 14:25:50.237,44068943,BTC-29NOV19-9000-C,59,1570544750237,0.5,0.5,0.0775,buy,2,8197.7,75.65
2019-10-08 16:44:11.079,44083984,BTC-29NOV19-9000-C,60,1570553051079,0.5,0.5,0.0755,buy,2,8173.51,75.03
2019-10-08 22:36:25.937,44121600,BTC-29NOV19-9000-C,61,1570574185937,0.5,0.5,0.0765,sell,0,8203.9,75.13
2019-10-09 02:21:10.580,44147421,BTC-29NOV19-9000-C,62,1570587670580,10.0,10.0,0.0745,sell,2,8151.8,75.41
2019-10-09 14:20:05.991,44217210,BTC-29NOV19-9000-C,63,1570630805991,0.1,0.1,0.08800000000000001,buy,0,8382.6,77.74
2019-10-09 15:19:14.194,44253384,BTC-29NOV19-9000-C,64,1570634354194,2.0,2.0,0.091,buy,0,8506.84,76.07
2019-10-09 15:19:14.194,44253385,BTC-29NOV19-9000-C,65,1570634354194,8.1,8.1,0.091,buy,1,8506.84,76.07
2019-10-09 15:20:38.920,44254630,BTC-29NOV19-9000-C,66,1570634438920,10.3,10.3,0.091,buy,1,8521.76,75.72
2019-10-09 15:20:39.033,44254632,BTC-29NOV19-9000-C,67,1570634439033,1.6,1.6,0.091,buy,1,8521.76,75.72
2019-10-09 15:25:51.265,44262943,BTC-29NOV19-9000-C,68,1570634751265,10.0,10.0,0.0955,buy,0,8622.39,75.23
2019-10-09 15:49:38.563,44279138,BTC-29NOV19-9000-C,69,1570636178563,0.1,0.1,0.09699999999999999,buy,0,8569.22,78.08
2019-10-09 16:59:53.536,44301533,BTC-29NOV19-9000-C,70,1570640393536,1.0,1.0,0.0955,sell,2,8587.45,76.55
2019-10-09 21:02:26.358,44330007,BTC-29NOV19-9000-C,71,1570654946358,10.0,10.0,0.09300000000000001,buy,2,8595.0,74.87
2019-10-09 23:09:49.380,44340661,BTC-29NOV19-9000-C,72,1570662589380,2.0,2.0,0.0945,sell,0,8605.32,75.36
2019-10-10 06:33:28.807,44356876,BTC-29NOV19-9000-C,73,1570689208807,1.0,1.0,0.092,sell,2,8601.09,73.93
2019-10-10 06:39:53.655,44357019,BTC-29NOV19-9000-C,74,1570689593655,1.0,1.0,0.0945,buy,0,8599.43,75.8
2019-10-10 13:38:35.895,44400663,BTC-29NOV19-9000-C,75,1570714715895,2.1,2.1,0.086,sell,2,8502.32,73.53
2019-10-10 13:54:49.134,44402172,BTC-29NOV19-9000-C,76,1570715689134,2.1,2.1,0.0875,buy,0,8508.84,74.15
2019-10-10 15:44:51.171,44412615,BTC-29NOV19-9000-C,77,1570722291171,1.6,1.6,0.0895,buy,0,8546.65,74.47
2019-10-10 16:15:05.215,44417487,BTC-29NOV19-9000-C,78,1570724105215,5.0,5.0,0.0895,buy,1,8586.3,73.22
2019-10-10 17:19:15.314,44421738,BTC-29NOV19-9000-C,79,1570727955314,0.5,0.5,0.0875,buy,2,8552.11,73.08
2019-10-10 17:27:27.651,44422117,BTC-29NOV19-9000-C,80,1570728447651,0.5,0.5,0.08800000000000001,buy,0,8559.54,73.14
2019-10-11 00:37:17.253,44455570,BTC-29NOV19-9000-C,81,1570754237253,2.0,2.0,0.0855,sell,2,8530.03,72.81
2019-10-11 01:18:21.189,44459359,BTC-29NOV19-9000-C,82,1570756701189,2.0,2.0,0.087,buy,0,8531.03,73.89
2019-10-11 03:35:26.118,44464819,BTC-29NOV19-9000-C,83,1570764926118,6.0,6.0,0.0905,buy,0,8579.79,74.62
2019-10-11 05:01:56.027,44487596,BTC-29NOV19-9000-C,84,1570770116027,10.0,10.0,0.10099999999999999,buy,0,8772.82,75.72
2019-10-11 05:17:20.027,44505026,BTC-29NOV19-9000-C,85,1570771040027,14.4,14.4,0.086,sell,2,8493.33,74.45
2019-10-11 06:36:37.032,44556711,BTC-29NOV19-9000-C,86,1570775797032,0.9,0.9,0.0825,buy,2,8400.22,75.12
2019-10-11 12:45:30.739,44601439,BTC-29NOV19-9000-C,87,1570797930739,2.0,2.0,0.0775,buy,2,8353.04,73.11
2019-10-11 15:03:24.338,44610432,BTC-29NOV19-9000-C,88,1570806204338,0.9,0.9,0.0755,sell,2,8312.69,73.09
2019-10-11 15:33:35.498,44612644,BTC-29NOV19-9000-C,89,1570808015498,0.9,0.9,0.077,buy,0,8331.89,73.55
2019-10-11 16:03:39.833,44614235,BTC-29NOV19-9000-C,90,1570809819833,1.0,1.0,0.077,sell,1,8355.46,72.83
2019-10-11 16:52:06.778,44622943,BTC-29NOV19-9000-C,91,1570812726778,8.0,8.0,0.0755,sell,2,8324.64,72.52
2019-10-11 16:52:06.780,44622944,BTC-29NOV19-9000-C,92,1570812726780,12.0,12.0,0.0755,buy,3,8324.64,72.52
2019-10-11 16:54:33.481,44623117,BTC-29NOV19-9000-C,93,1570812873481,0.1,0.1,0.0755,sell,3,8333.47,72.29
2019-10-12 14:51:41.781,44678233,BTC-29NOV19-9000-C,94,1570891901781,0.4,0.4,0.075,buy,2,8373.68,71.56
2019-10-12 23:11:01.048,44700545,BTC-29NOV19-9000-C,95,1570921861048,0.5,0.5,0.075,buy,3,8338.94,72.86
2019-10-13 01:09:28.381,44704819,BTC-29NOV19-9000-C,96,1570928968381,0.1,0.1,0.075,buy,3,8339.39,73.05
2019-10-13 01:19:48.004,44705045,BTC-29NOV19-9000-C,97,1570929588004,0.4,0.4,0.0755,buy,0,8348.23,73.04
2019-10-13 04:13:03.827,44708835,BTC-29NOV19-9000-C,98,1570939983827,0.1,0.1,0.073,sell,2,8352.57,71.13
2019-10-13 04:13:03.827,44708836,BTC-29NOV19-9000-C,99,1570939983827,0.9,0.9,0.073,sell,3,8352.57,71.13
2019-10-13 13:12:12.876,44732355,BTC-29NOV19-9000-C,100,1570972332876,0.4,0.4,0.077,buy,0,8413.25,72.49
2019-10-13 14:41:20.351,44739461,BTC-29NOV19-9000-C,101,1570977680351,0.2,0.2,0.08,buy,0,8432.91,74.01
2019-10-13 17:21:29.587,44748179,BTC-29NOV19-9000-C,102,1570987289587,1.0,1.0,0.0785,sell,2,8445.47,72.46
2019-10-13 19:40:05.113,44751745,BTC-29NOV19-9000-C,103,1570995605113,10.0,10.0,0.0805,buy,0,8443.49,74.0
2019-10-13 19:45:06.434,44751781,BTC-29NOV19-9000-C,104,1570995906434,2.1,2.1,0.081,buy,0,8445.2,74.33
2019-10-13 20:09:05.271,44754027,BTC-29NOV19-9000-C,105,1570997345271,10.0,10.0,0.0775,sell,2,8395.29,73.64
2019-10-13 23:18:23.473,44790406,BTC-29NOV19-9000-C,106,1571008703473,1.0,1.0,0.074,buy,2,8307.37,73.6
2019-10-14 05:39:57.319,44802070,BTC-29NOV19-9000-C,107,1571031597319,0.2,0.2,0.072,buy,2,8318.46,72.15
2019-10-14 16:35:41.090,44833777,BTC-29NOV19-9000-C,108,1571070941090,0.1,0.1,0.069,buy,2,8314.54,70.35
2019-10-14 16:35:41.090,44833778,BTC-29NOV19-9000-C,109,1571070941090,0.1,0.1,0.069,buy,3,8314.54,70.35
2019-10-14 16:35:41.090,44833779,BTC-29NOV19-9000-C,110,1571070941090,0.1,0.1,0.069,buy,3,8314.54,70.35
2019-10-15 07:05:13.893,44890588,BTC-29NOV19-9000-C,111,1571123113893,1.0,1.0,0.066,buy,2,8299.81,69.2
2019-10-15 08:27:16.218,44896398,BTC-29NOV19-9000-C,112,1571128036218,3.0,3.0,0.066,buy,3,8293.59,69.44
2019-10-15 15:57:59.304,44924464,BTC-29NOV19-9000-C,113,1571155079304,0.2,0.2,0.069,buy,0,8357.03,69.92
2019-10-15 17:28:39.739,44959985,BTC-29NOV19-9000-C,114,1571160519739,1.0,1.0,0.061,buy,2,8191.67,69.46
2019-10-15 17:57:49.065,44961144,BTC-29NOV19-9000-C,115,1571162269065,2.0,2.0,0.06,buy,2,8164.89,69.51
2019-10-15 20:58:46.960,44968789,BTC-29NOV19-9000-C,116,1571173126960,0.4,0.4,0.0595,sell,2,8148.91,69.71
2019-10-16 10:13:36.584,45001664,BTC-29NOV19-9000-C,117,1571220816584,4.0,4.0,0.057,sell,2,8151.57,68.02
2019-10-16 14:36:33.331,45048902,BTC-29NOV19-9000-C,118,1571236593331,0.5,0.5,0.0515,sell,2,7955.59,69.89
2019-10-16 15:19:49.035,45053191,BTC-29NOV19-9000-C,119,1571239189035,0.2,0.2,0.0515,sell,3,7981.15,69.16
2019-10-16 16:00:35.412,45056475,BTC-29NOV19-9000-C,120,1571241635412,0.7000000000000001,0.7000000000000001,0.0515,sell,3,7945.09,70.38
2019-10-16 16:00:38.686,45056662,BTC-29NOV19-9000-C,121,1571241638686,0.5,0.5,0.051,sell,2,7941.37,70.04
2019-10-16 19:06:33.542,45076465,BTC-29NOV19-9000-C,122,1571252793542,0.7000000000000001,0.7000000000000001,0.0505,sell,2,7955.11,69.58
2019-10-16 19:53:12.372,45081456,BTC-29NOV19-9000-C,123,1571255592372,0.5,0.5,0.05,sell,2,7950.93,69.33
2019-10-16 20:53:32.372,45083765,BTC-29NOV19-9000-C,124,1571259212372,12.0,12.0,0.0525,buy,0,7979.77,70.46
2019-10-16 21:44:34.032,45084888,BTC-29NOV19-9000-C,125,1571262274032,2.0,2.0,0.05,sell,2,7979.7,68.46
2019-10-17 01:58:25.821,45096201,BTC-29NOV19-9000-C,126,1571277505821,1.7,1.7,0.0515,sell,0,7966.31,70.21
2019-10-17 01:58:25.821,45096202,BTC-29NOV19-9000-C,127,1571277505821,0.2,0.2,0.0515,sell,1,7966.31,70.21
2019-10-17 03:49:03.328,45098261,BTC-29NOV19-9000-C,128,1571284143328,2.0,2.0,0.0495,sell,2,7984.55,68.2
2019-10-17 08:30:31.288,45117565,BTC-29NOV19-9000-C,129,1571301031288,7.0,7.0,0.052,buy,0,8060.47,67.86
2019-10-17 09:21:49.005,45122870,BTC-29NOV19-9000-C,130,1571304109005,19.3,19.3,0.051,sell,2,8026.95,68.03
2019-10-17 09:21:49.016,45122871,BTC-29NOV19-9000-C,131,1571304109016,0.7000000000000001,0.7000000000000001,0.051,buy,3,8026.95,68.03
2019-10-17 09:33:24.197,45123478,BTC-29NOV19-9000-C,132,1571304804197,5.0,5.0,0.051,buy,3,8028.66,68.1
2019-10-17 09:37:46.269,45123777,BTC-29NOV19-9000-C,133,1571305066269,5.0,5.0,0.051,sell,3,8036.56,67.83
2019-10-17 09:38:57.614,45123788,BTC-29NOV19-9000-C,134,1571305137614,10.0,10.0,0.051,sell,3,8035.01,67.85
2019-10-17 09:45:00.977,45124664,BTC-29NOV19-9000-C,135,1571305500977,10.0,10.0,0.0515,sell,0,8059.46,67.45
2019-10-17 10:01:49.782,45125568,BTC-29NOV19-9000-C,136,1571306509782,5.0,5.0,0.0515,buy,1,8061.43,67.4
2019-10-17 10:02:15.498,45125581,BTC-29NOV19-9000-C,137,1571306535498,5.0,5.0,0.0515,buy,1,8062.05,67.39
2019-10-17 10:04:27.761,45125885,BTC-29NOV19-9000-C,138,1571306667761,0.5,0.5,0.052,buy,0,8066.87,67.65
2019-10-17 10:36:29.716,45131605,BTC-29NOV19-9000-C,139,1571308589716,10.0,10.0,0.0515,buy,2,8084.81,66.75
2019-10-17 11:11:27.841,45133808,BTC-29NOV19-9000-C,140,1571310687841,2.0,2.0,0.0525,buy,0,8107.39,66.87
2019-10-17 11:55:31.177,45136456,BTC-29NOV19-9000-C,141,1571313331177,2.0,2.0,0.053,sell,0,8077.29,68.23
2019-10-17 12:37:16.802,45141430,BTC-29NOV19-9000-C,142,1571315836802,1.0,1.0,0.0495,sell,2,8034.6,66.73
2019-10-17 16:29:18.088,45156433,BTC-29NOV19-9000-C,143,1571329758088,0.2,0.2,0.054,buy,0,8117.7,67.85
2019-10-17 16:29:39.578,45156448,BTC-29NOV19-9000-C,144,1571329779578,3.0,3.0,0.054,sell,1,8120.81,67.74
2019-10-17 19:18:45.674,45164492,BTC-29NOV19-9000-C,145,1571339925674,0.1,0.1,0.052,sell,2,8054.69,68.33
