date_utc,tradeId,instrument,tradeSeq,timeStamp,quantity,amount,price,direction,tickDirection,indexPrice,iv
2019-10-06 10:11:14.191,43824734,BTC-18OCT19-9000-C,51,1570356674191,1.0,1.0,0.01,sell,3,7935.66,67.13
2019-10-06 10:11:14.191,43824735,BTC-18OCT19-9000-C,52,1570356674191,0.1,0.1,0.01,sell,3,7935.66,67.13
2019-10-06 10:11:14.191,43824736,BTC-18OCT19-9000-C,53,1570356674191,0.1,0.1,0.01,sell,3,7935.66,67.13
2019-10-06 11:06:54.508,43827738,BTC-18OCT19-9000-C,54,1570360014508,0.2,0.2,0.0095,sell,2,7944.69,65.72
2019-10-06 13:57:10.167,43833142,BTC-18OCT19-9000-C,55,1570370230167,0.8,0.8,0.0095,sell,3,7916.41,67.26
2019-10-06 13:58:14.741,43833499,BTC-18OCT19-9000-C,56,1570370294741,0.5,0.5,0.009,sell,2,7905.75,66.53
2019-10-06 14:00:06.292,43833832,BTC-18OCT19-9000-C,57,1570370406292,0.5,0.5,0.009,sell,3,7920.21,65.96
2019-10-06 14:00:06.296,43833833,BTC-18OCT19-9000-C,58,1570370406296,0.5,0.5,0.009,buy,3,7920.21,65.96
2019-10-06 14:01:24.761,43833977,BTC-18OCT19-9000-C,59,1570370484761,1.0,1.0,0.009,sell,3,7928.61,65.59
2019-10-06 14:01:31.487,43833993,BTC-18OCT19-9000-C,60,1570370491487,1.0,1.0,0.009,sell,3,7929.8,65.54
2019-10-06 14:08:35.629,43834332,BTC-18OCT19-9000-C,61,1570370915629,4.0,4.0,0.0085,buy,2,7914.88,65.03
2019-10-06 14:12:49.685,43834684,BTC-18OCT19-9000-C,62,1570371169685,0.1,0.1,0.0095,buy,0,7900.45,68.02
2019-10-06 14:17:15.493,43835885,BTC-18OCT19-9000-C,63,1570371435493,3.0,3.0,0.008,buy,2,7901.01,64.39
2019-10-06 14:20:06.665,43836010,BTC-18OCT19-9000-C,64,1570371606665,1.0,1.0,0.008,sell,3,7906.73,64.15
2019-10-06 14:25:52.813,43836274,BTC-18OCT19-9000-C,65,1570371952813,0.1,0.1,0.009,buy,0,7903.85,66.69
2019-10-06 14:27:00.431,43836336,BTC-18OCT19-9000-C,67,1570372020431,0.1,0.1,0.0095,buy,1,7902.71,67.89
2019-10-06 14:27:00.431,43836337,BTC-18OCT19-9000-C,68,1570372020431,0.5,0.5,0.01,buy,0,7902.71,69.04
2019-10-06 14:27:00.431,43836335,BTC-18OCT19-9000-C,66,1570372020431,0.1,0.1,0.0095,buy,0,7902.71,67.89
2019-10-06 14:27:27.484,43836345,BTC-18OCT19-9000-C,69,1570372047484,1.3,1.3,0.011,sell,0,7899.48,71.45
2019-10-06 14:27:40.080,43836392,BTC-18OCT19-9000-C,70,1570372060080,1.3,1.3,0.011,sell,1,7897.99,71.5
2019-10-06 14:35:43.613,43836683,BTC-18OCT19-9000-C,71,1570372543613,0.1,0.1,0.0095,buy,2,7892.53,68.37
2019-10-06 14:35:43.747,43836685,BTC-18OCT19-9000-C,72,1570372543747,0.4,0.4,0.01,buy,0,7892.53,69.52
2019-10-06 14:36:18.527,43836689,BTC-18OCT19-9000-C,73,1570372578527,0.6,0.6,0.01,buy,1,7893.81,69.46
2019-10-06 14:36:18.775,43836693,BTC-18OCT19-9000-C,74,1570372578775,0.3,0.3,0.01,buy,1,7893.81,69.46
2019-10-06 14:39:21.894,43836885,BTC-18OCT19-9000-C,75,1570372761894,0.1,0.1,0.0105,buy,0,7902.48,70.21
2019-10-06 18:38:45.690,43860720,BTC-18OCT19-9000-C,76,1570387125690,10.0,10.0,0.0105,sell,1,7800.13,75.28
2019-10-06 18:38:52.549,43861109,BTC-18OCT19-9000-C,77,1570387132549,1.0,1.0,0.0105,sell,1,7798.14,75.43
2019-10-06 19:08:57.611,43870699,BTC-18OCT19-9000-C,78,1570388937611,1.0,1.0,0.0105,sell,1,7872.78,72.09
2019-10-06 20:07:04.786,43874101,BTC-18OCT19-9000-C,79,1570392424786,1.0,1.0,0.0105,sell,1,7883.46,71.78
2019-10-06 21:20:34.330,43878664,BTC-18OCT19-9000-C,80,1570396834330,1.0,1.0,0.011,sell,0,7884.2,72.99
2019-10-06 23:50:43.223,43888471,BTC-18OCT19-9000-C,81,1570405843223,0.2,0.2,0.0105,sell,2,7870.42,72.77
2019-10-07 00:09:06.667,43890126,BTC-18OCT19-9000-C,82,1570406946667,0.5,0.5,0.0105,sell,3,7817.5,75.19
2019-10-07 00:09:06.690,43890127,BTC-18OCT19-9000-C,83,1570406946690,3.0,3.0,0.0105,sell,3,7817.5,75.19
2019-10-07 00:09:06.694,43890128,BTC-18OCT19-9000-C,84,1570406946694,1.0,1.0,0.0105,sell,3,7817.5,75.19
2019-10-07 00:45:21.221,43898256,BTC-18OCT19-9000-C,86,1570409121221,1.0,1.0,0.0105,sell,3,7827.17,74.81
2019-10-07 00:45:21.221,43898255,BTC-18OCT19-9000-C,85,1570409121221,7.2,7.2,0.0105,sell,3,7827.17,74.81
2019-10-07 01:24:35.184,43901362,BTC-18OCT19-9000-C,87,1570411475184,1.0,1.0,0.011,buy,0,7813.21,76.69
2019-10-07 01:24:35.184,43901363,BTC-18OCT19-9000-C,88,1570411475184,4.0,4.0,0.0115,buy,0,7813.21,77.83
2019-10-07 01:24:48.229,43901364,BTC-18OCT19-9000-C,89,1570411488229,4.0,4.0,0.0115,buy,1,7813.14,77.87
2019-10-07 01:53:42.626,43903142,BTC-18OCT19-9000-C,90,1570413222626,5.0,5.0,0.0095,sell,2,7810.07,73.35
2019-10-07 04:57:26.422,43913504,BTC-18OCT19-9000-C,91,1570424246422,0.6,0.6,0.011,sell,0,7845.6,75.73
2019-10-07 04:57:32.124,43913511,BTC-18OCT19-9000-C,92,1570424252124,0.6,0.6,0.011,sell,1,7845.6,75.73
2019-10-07 06:16:58.984,43917217,BTC-18OCT19-9000-C,93,1570429018984,1.8,1.8,0.011,sell,1,7831.34,76.57
2019-10-07 12:36:07.831,43945394,BTC-18OCT19-9000-C,94,1570451767831,0.5,0.5,0.0135,buy,0,8115.62,69.38
2019-10-07 13:21:31.804,43955836,BTC-18OCT19-9000-C,96,1570454491804,1.0,1.0,0.015,buy,1,8198.39,68.34
2019-10-07 13:21:31.804,43955835,BTC-18OCT19-9000-C,95,1570454491804,0.5,0.5,0.015,buy,0,8198.39,68.34
2019-10-07 13:21:49.981,43955889,BTC-18OCT19-9000-C,97,1570454509981,1.5,1.5,0.015,sell,1,8193.89,68.6
2019-10-07 16:50:29.905,43976834,BTC-18OCT19-9000-C,98,1570467029905,2.0,2.0,0.0155,sell,0,8243.97,67.38
2019-10-07 16:53:06.806,43977362,BTC-18OCT19-9000-C,99,1570467186806,3.0,3.0,0.015,sell,2,8231.45,67.13
2019-10-07 18:09:18.200,43987302,BTC-18OCT19-9000-C,100,1570471758200,1.0,1.0,0.017,sell,0,8301.34,67.31
2019-10-07 18:09:18.200,43987303,BTC-18OCT19-9000-C,101,1570471758200,8.0,8.0,0.017,sell,1,8301.34,67.31
2019-10-07 18:13:29.821,43987571,BTC-18OCT19-9000-C,102,1570472009821,0.3,0.3,0.019,buy,0,8289.92,71.54
2019-10-07 18:13:29.821,43987572,BTC-18OCT19-9000-C,103,1570472009821,0.3,0.3,0.019,buy,1,8289.92,71.54
2019-10-07 19:15:34.148,43991625,BTC-18OCT19-9000-C,104,1570475734148,1.0,1.0,0.0165,sell,2,8226.32,70.5
2019-10-08 01:41:01.939,44008015,BTC-18OCT19-9000-C,105,1570498861939,0.5,0.5,0.017,buy,0,8278.54,69.53
2019-10-08 01:41:13.135,44008094,BTC-18OCT19-9000-C,107,1570498873135,1.2,1.2,0.0175,buy,1,8279.26,70.41
2019-10-08 01:41:13.135,44008095,BTC-18OCT19-9000-C,108,1570498873135,0.7000000000000001,0.7000000000000001,0.0175,buy,1,8279.26,70.41
2019-10-08 01:41:13.135,44008093,BTC-18OCT19-9000-C,106,1570498873135,0.1,0.1,0.0175,buy,0,8279.26,70.41
2019-10-08 02:31:22.283,44014248,BTC-18OCT19-9000-C,109,1570501882283,0.2,0.2,0.018,sell,0,8302.8,70.01
2019-10-08 04:41:12.167,44019363,BTC-18OCT19-9000-C,110,1570509672167,1.6,1.6,0.016,buy,2,8256.69,69.19
2019-10-08 04:41:12.167,44019364,BTC-18OCT19-9000-C,111,1570509672167,3.3000000000000003,3.3000000000000003,0.016,buy,3,8256.69,69.19
2019-10-08 05:08:40.386,44020442,BTC-18OCT19-9000-C,112,1570511320386,0.1,0.1,0.016,sell,3,8226.41,70.86
2019-10-08 06:56:06.448,44023726,BTC-18OCT19-9000-C,113,1570517766448,0.5,0.5,0.0145,buy,2,8246.74,67.12
2019-10-08 12:03:09.382,44044921,BTC-18OCT19-9000-C,114,1570536189382,0.1,0.1,0.011,buy,2,8180.8,63.95
2019-10-08 12:11:20.382,44045796,BTC-18OCT19-9000-C,115,1570536680382,0.2,0.2,0.012,sell,0,8177.32,66.3
2019-10-08 12:12:36.587,44045904,BTC-18OCT19-9000-C,116,1570536756587,4.8,4.8,0.012,sell,1,8177.34,66.32
2019-10-08 15:29:27.194,44074889,BTC-18OCT19-9000-C,119,1570548567194,0.9,0.9,0.0125,buy,0,8209.07,66.21
2019-10-08 15:29:27.194,44074887,BTC-18OCT19-9000-C,117,1570548567194,0.1,0.1,0.012,buy,1,8209.07,65.15
2019-10-08 15:29:27.194,44074888,BTC-18OCT19-9000-C,118,1570548567194,1.0,1.0,0.012,buy,1,8209.07,65.15
2019-10-08 15:31:28.834,44074972,BTC-18OCT19-9000-C,120,1570548688834,0.2,0.2,0.011,sell,2,8210.31,62.94
2019-10-08 20:30:18.938,44103723,BTC-18OCT19-9000-C,121,1570566618938,2.0,2.0,0.01,sell,2,8137.12,65.11
2019-10-09 00:43:28.224,44141583,BTC-18OCT19-9000-C,122,1570581808224,0.6,0.6,0.0115,buy,0,8169.21,67.47
2019-10-09 01:25:24.688,44144042,BTC-18OCT19-9000-C,123,1570584324688,2.5,2.5,0.0105,sell,2,8176.65,64.96
2019-10-09 01:37:14.998,44144454,BTC-18OCT19-9000-C,124,1570585034998,2.0,2.0,0.0105,sell,3,8189.03,64.37
2019-10-09 02:04:13.901,44145349,BTC-18OCT19-9000-C,125,1570586653901,1.0,1.0,0.011,sell,0,8170.78,66.51
2019-10-09 02:04:36.076,44145455,BTC-18OCT19-9000-C,126,1570586676076,3.1,3.1,0.011,sell,1,8168.98,66.61
2019-10-09 02:11:13.191,44146163,BTC-18OCT19-9000-C,127,1570587073191,5.9,5.9,0.011,sell,1,8167.4,66.72
2019-10-09 02:37:14.890,44150278,BTC-18OCT19-9000-C,128,1570588634890,0.5,0.5,0.0095,sell,2,8142.64,64.53
2019-10-09 03:31:50.435,44153749,BTC-18OCT19-9000-C,129,1570591910435,0.1,0.1,0.009,sell,2,8143.78,63.38
2019-10-09 05:45:20.223,44162431,BTC-18OCT19-9000-C,130,1570599920223,0.1,0.1,0.0095,sell,0,8162.98,63.91
2019-10-09 07:30:08.390,44167914,BTC-18OCT19-9000-C,131,1570606208390,4.0,4.0,0.0095,sell,1,8171.73,63.68
2019-10-09 07:37:41.179,44168303,BTC-18OCT19-9000-C,132,1570606661179,4.0,4.0,0.0095,sell,1,8178.94,63.37
2019-10-09 07:37:49.355,44168497,BTC-18OCT19-9000-C,134,1570606669355,0.1,0.1,0.01,buy,1,8178.89,64.6
2019-10-09 07:37:49.355,44168496,BTC-18OCT19-9000-C,133,1570606669355,3.0,3.0,0.01,buy,0,8178.89,64.6
2019-10-09 07:39:06.654,44168794,BTC-18OCT19-9000-C,135,1570606746654,2.0,2.0,0.01,sell,1,8185.09,64.27
2019-10-09 09:05:28.070,44178837,BTC-18OCT19-9000-C,136,1570611928070,0.1,0.1,0.01,sell,1,8204.87,63.37
2019-10-09 12:12:24.439,44196089,BTC-18OCT19-9000-C,137,1570623144439,0.2,0.2,0.01,sell,1,8187.28,64.85
2019-10-09 12:31:42.280,44197289,BTC-18OCT19-9000-C,138,1570624302280,1.8,1.8,0.01,sell,1,8180.37,65.22
2019-10-09 14:14:36.062,44210814,BTC-18OCT19-9000-C,139,1570630476062,1.2,1.2,0.0105,sell,0,8275.43,61.61
2019-10-09 14:19:15.626,44213464,BTC-18OCT19-9000-C,141,1570630755626,1.3,1.3,0.0125,buy,1,8324.22,63.54
2019-10-09 14:19:15.626,44213463,BTC-18OCT19-9000-C,140,1570630755626,0.7000000000000001,0.7000000000000001,0.0125,buy,0,8324.22,63.54
2019-10-09 14:19:46.785,44216305,BTC-18OCT19-9000-C,142,1570630786785,0.5,0.5,0.014,buy,0,8382.52,63.09
2019-10-09 14:21:53.337,44223004,BTC-18OCT19-9000-C,143,1570630913337,2.0,2.0,0.015,buy,0,8410.44,63.33
2019-10-09 14:24:52.194,44225514,BTC-18OCT19-9000-C,144,1570631092194,0.2,0.2,0.016,buy,0,8430.08,64.29
2019-10-09 14:32:00.926,44228433,BTC-18OCT19-9000-C,145,1570631520926,0.3,0.3,0.016,buy,1,8423.67,64.78
2019-10-09 14:41:07.923,44231818,BTC-18OCT19-9000-C,146,1570632067923,0.2,0.2,0.016,buy,1,8417.05,65.24
2019-10-09 14:46:27.381,44233937,BTC-18OCT19-9000-C,147,1570632387381,0.1,0.1,0.0165,buy,0,8442.45,64.76
2019-10-09 14:57:44.626,44240512,BTC-18OCT19-9000-C,148,1570633064626,24.0,24.0,0.0175,buy,0,8443.36,66.7
2019-10-09 14:57:44.626,44240513,BTC-18OCT19-9000-C,149,1570633064626,1.0,1.0,0.0175,buy,1,8443.36,66.7
2019-10-09 15:20:05.079,44253975,BTC-18OCT19-9000-C,150,1570634405079,1.2,1.2,0.02,buy,0,8510.17,67.22
2019-10-09 15:22:44.334,44257666,BTC-18OCT19-9000-C,151,1570634564334,0.1,0.1,0.02,buy,1,8520.28,66.54
2019-10-09 15:23:34.581,44258424,BTC-18OCT19-9000-C,152,1570634614581,0.2,0.2,0.021,buy,0,8525.72,67.96
2019-10-09 15:24:13.553,44259003,BTC-18OCT19-9000-C,153,1570634653553,0.8,0.8,0.021,buy,1,8544.79,66.96
2019-10-09 15:24:31.173,44259605,BTC-18OCT19-9000-C,154,1570634671173,0.5,0.5,0.022,buy,0,8557.37,67.71
2019-10-09 15:25:24.639,44260698,BTC-18OCT19-9000-C,155,1570634724639,0.5,0.5,0.0225,buy,0,8561.7,68.28
2019-10-09 15:25:44.183,44262301,BTC-18OCT19-9000-C,156,1570634744183,0.4,0.4,0.0225,buy,1,8605.47,65.38
2019-10-09 15:25:46.757,44262525,BTC-18OCT19-9000-C,157,1570634746757,0.1,0.1,0.0225,buy,1,8605.41,65.35
2019-10-09 15:25:58.436,44263801,BTC-18OCT19-9000-C,158,1570634758436,0.4,0.4,0.025,buy,0,8665.31,66.89
2019-10-09 15:25:59.733,44263951,BTC-18OCT19-9000-C,159,1570634759733,0.1,0.1,0.025,buy,1,8665.31,66.89
2019-10-09 15:28:27.674,44270050,BTC-18OCT19-9000-C,160,1570634907674,0.5,0.5,0.025,sell,1,8628.92,68.2
2019-10-09 15:30:16.963,44271751,BTC-18OCT19-9000-C,161,1570635016963,1.2,1.2,0.0235,sell,2,8612.51,66.61
2019-10-09 15:30:41.046,44272254,BTC-18OCT19-9000-C,162,1570635041046,5.0,5.0,0.022,buy,2,8600.86,64.91
2019-10-09 16:06:11.307,44285481,BTC-18OCT19-9000-C,163,1570637171307,0.5,0.5,0.02,sell,2,8548.17,64.87
2019-10-09 16:08:35.038,44287061,BTC-18OCT19-9000-C,164,1570637315038,0.5,0.5,0.021,buy,0,8545.42,66.75
2019-10-09 16:23:50.430,44292049,BTC-18OCT19-9000-C,165,1570638230430,5.0,5.0,0.024,sell,0,8599.33,68.63
2019-10-09 16:26:01.542,44292585,BTC-18OCT19-9000-C,166,1570638361542,5.0,5.0,0.024,sell,1,8596.69,68.8
2019-10-09 16:27:24.078,44292894,BTC-18OCT19-9000-C,167,1570638444078,1.0,1.0,0.025,buy,0,8603.14,70.11
2019-10-09 16:52:13.396,44300365,BTC-18OCT19-9000-C,168,1570639933396,4.0,4.0,0.0245,buy,2,8608.5,68.9
2019-10-09 18:18:57.689,44318584,BTC-18OCT19-9000-C,169,1570645137689,1.0,1.0,0.0235,buy,2,8654.88,64.27
2019-10-09 18:27:02.687,44320310,BTC-18OCT19-9000-C,170,1570645622687,0.6,0.6,0.022,sell,2,8616.16,64.29
2019-10-09 19:11:17.846,44323901,BTC-18OCT19-9000-C,171,1570648277846,1.0,1.0,0.022,buy,3,8600.15,65.53
2019-10-09 20:40:06.904,44328691,BTC-18OCT19-9000-C,172,1570653606904,5.0,5.0,0.0225,sell,0,8628.73,64.74
2019-10-09 22:37:46.319,44338896,BTC-18OCT19-9000-C,173,1570660666319,0.1,0.1,0.023,buy,0,8609.95,67.16
2019-10-09 22:40:20.246,44338939,BTC-18OCT19-9000-C,174,1570660820246,1.0,1.0,0.0235,buy,0,8610.08,68.0
2019-10-09 22:42:26.577,44338984,BTC-18OCT19-9000-C,175,1570660946577,0.1,0.1,0.0225,sell,2,8608.95,66.32
2019-10-09 22:48:26.683,44339311,BTC-18OCT19-9000-C,176,1570661306683,0.2,0.2,0.022,sell,2,8595.97,66.33
2019-10-09 23:36:58.959,44342275,BTC-18OCT19-9000-C,177,1570664218959,0.5,0.5,0.0215,buy,2,8613.94,64.31
2019-10-10 00:08:05.121,44344430,BTC-18OCT19-9000-C,178,1570666085121,2.0,2.0,0.0215,buy,3,8615.76,64.35
2019-10-10 00:10:52.307,44344560,BTC-18OCT19-9000-C,179,1570666252307,0.5,0.5,0.0215,buy,3,8613.12,64.57
2019-10-10 00:11:54.835,44344580,BTC-18OCT19-9000-C,180,1570666314835,1.0,1.0,0.0215,buy,3,8613.96,64.47
2019-10-10 00:18:48.529,44344869,BTC-18OCT19-9000-C,181,1570666728529,1.0,1.0,0.022,buy,0,8597.04,66.4
2019-10-10 01:21:46.776,44346818,BTC-18OCT19-9000-C,182,1570670506776,2.0,2.0,0.019,sell,2,8575.31,62.72
2019-10-10 01:21:46.776,44346819,BTC-18OCT19-9000-C,183,1570670506776,3.0,3.0,0.019,sell,3,8575.31,62.72
2019-10-10 01:45:26.913,44347300,BTC-18OCT19-9000-C,184,1570671926913,0.8,0.8,0.0195,buy,0,8567.79,64.19
2019-10-10 03:24:17.371,44352567,BTC-18OCT19-9000-C,185,1570677857371,1.0,1.0,0.02,buy,0,8589.0,63.96
2019-10-10 03:42:20.958,44352948,BTC-18OCT19-9000-C,186,1570678940958,0.5,0.5,0.0185,sell,2,8577.34,61.98
2019-10-10 04:01:56.721,44353394,BTC-18OCT19-9000-C,187,1570680116721,13.6,13.6,0.0186,buy,0,8577.22,62.23
2019-10-10 04:45:36.176,44354359,BTC-18OCT19-9000-C,188,1570682736176,5.0,5.0,0.0185,sell,2,8585.48,61.62
2019-10-10 05:29:34.628,44355180,BTC-18OCT19-9000-C,189,1570685374628,1.0,1.0,0.019,buy,0,8587.32,62.52
2019-10-10 05:51:21.699,44355639,BTC-18OCT19-9000-C,191,1570686681699,0.1,0.1,0.0185,sell,3,8569.3,62.86
2019-10-10 05:51:21.699,44355638,BTC-18OCT19-9000-C,190,1570686681699,0.1,0.1,0.0185,sell,2,8569.3,62.86
2019-10-10 06:13:40.299,44355989,BTC-18OCT19-9000-C,192,1570688020299,4.0,4.0,0.0185,sell,3,8564.31,63.23
2019-10-10 06:13:40.299,44355990,BTC-18OCT19-9000-C,193,1570688020299,1.0,1.0,0.018,sell,2,8564.31,62.28
2019-10-10 06:13:40.299,44355991,BTC-18OCT19-9000-C,194,1570688020299,5.0,5.0,0.018,sell,3,8564.31,62.28
2019-10-10 06:30:15.452,44356536,BTC-18OCT19-9000-C,195,1570689015452,0.9,0.9,0.0195,buy,0,8588.65,63.49
2019-10-10 06:32:23.368,44356794,BTC-18OCT19-9000-C,196,1570689143368,1.0,1.0,0.0195,buy,1,8598.04,62.91
2019-10-10 06:46:31.290,44357206,BTC-18OCT19-9000-C,197,1570689991290,3.0,3.0,0.0195,buy,1,8606.03,62.39
2019-10-10 06:48:01.157,44357391,BTC-18OCT19-9000-C,198,1570690081157,5.1000000000000005,5.1000000000000005,0.0195,buy,1,8612.1,61.99
2019-10-10 07:34:12.939,44358816,BTC-18OCT19-9000-C,200,1570692852939,1.0,1.0,0.02,buy,1,8617.44,62.69
2019-10-10 07:34:12.939,44358815,BTC-18OCT19-9000-C,199,1570692852939,4.0,4.0,0.02,buy,0,8617.44,62.69
2019-10-10 07:35:17.003,44359222,BTC-18OCT19-9000-C,201,1570692917003,0.1,0.1,0.0205,buy,0,8626.53,62.94
2019-10-10 08:54:15.254,44367936,BTC-18OCT19-9000-C,202,1570697655254,1.0,1.0,0.019,sell,2,8567.26,64.44
2019-10-10 10:02:01.405,44378048,BTC-18OCT19-9000-C,203,1570701721405,0.1,0.1,0.0175,sell,2,8510.27,65.39
2019-10-10 11:03:45.178,44384158,BTC-18OCT19-9000-C,204,1570705425178,0.1,0.1,0.0165,sell,2,8539.23,61.83
2019-10-10 11:03:45.178,44384159,BTC-18OCT19-9000-C,205,1570705425178,0.1,0.1,0.0165,sell,3,8539.23,61.83
2019-10-10 12:50:16.417,44397043,BTC-18OCT19-9000-C,206,1570711816417,15.0,15.0,0.014,buy,2,8479.88,61.03
2019-10-10 12:50:16.429,44397044,BTC-18OCT19-9000-C,207,1570711816429,5.0,5.0,0.014,buy,3,8479.88,61.03
2019-10-10 14:11:25.439,44403863,BTC-18OCT19-9000-C,208,1570716685439,0.1,0.1,0.0175,buy,0,8523.03,65.3
2019-10-10 14:11:25.439,44403864,BTC-18OCT19-9000-C,209,1570716685439,0.9,0.9,0.0175,buy,1,8523.03,65.3
2019-10-10 15:43:15.163,44412477,BTC-18OCT19-9000-C,210,1570722195163,0.1,0.1,0.0165,buy,2,8545.38,62.23
2019-10-10 15:55:50.746,44413729,BTC-18OCT19-9000-C,211,1570722950746,15.0,15.0,0.0175,sell,0,8569.04,62.75
2019-10-10 15:59:09.995,44414118,BTC-18OCT19-9000-C,212,1570723149995,1.0,1.0,0.018,sell,0,8569.53,63.64
2019-10-10 16:12:09.993,44417021,BTC-18OCT19-9000-C,213,1570723929993,2.0,2.0,0.019,buy,0,8585.65,64.51
2019-10-10 16:18:21.131,44417946,BTC-18OCT19-9000-C,214,1570724301131,1.0,1.0,0.018,sell,2,8579.13,63.07
2019-10-10 16:49:09.025,44420515,BTC-18OCT19-9000-C,215,1570726149025,15.0,15.0,0.0165,buy,2,8548.7,62.22
2019-10-10 16:49:19.439,44420530,BTC-18OCT19-9000-C,216,1570726159439,15.0,15.0,0.0165,buy,3,8548.87,62.23
2019-10-10 17:34:07.513,44422531,BTC-18OCT19-9000-C,217,1570728847513,0.1,0.1,0.016,buy,2,8551.15,61.2
2019-10-10 17:35:33.073,44422568,BTC-18OCT19-9000-C,218,1570728933073,0.1,0.1,0.016,sell,3,8551.33,61.19
2019-10-10 18:44:15.688,44426481,BTC-18OCT19-9000-C,219,1570733055688,0.2,0.2,0.016,sell,3,8546.7,61.73
2019-10-10 18:49:28.457,44426868,BTC-18OCT19-9000-C,220,1570733368457,0.2,0.2,0.017,buy,0,8554.89,63.13
2019-10-10 19:21:19.563,44428493,BTC-18OCT19-9000-C,221,1570735279563,1.0,1.0,0.016,sell,2,8566.15,60.5
2019-10-10 19:34:09.315,44428857,BTC-18OCT19-9000-C,222,1570736049315,0.1,0.1,0.0165,sell,0,8566.29,61.54
2019-10-10 22:00:10.603,44442210,BTC-18OCT19-9000-C,223,1570744810603,1.0,1.0,0.0165,buy,1,8569.49,61.77
2019-10-10 22:17:22.914,44443236,BTC-18OCT19-9000-C,224,1570745842914,1.0,1.0,0.0175,buy,0,8590.99,62.33
2019-10-11 03:25:48.966,44463899,BTC-18OCT19-9000-C,225,1570764348966,0.1,0.1,0.016,buy,2,8568.52,61.8
2019-10-11 03:31:05.778,44464186,BTC-18OCT19-9000-C,226,1570764665778,1.0,1.0,0.016,sell,3,8571.18,61.66
2019-10-11 03:49:36.667,44465276,BTC-18OCT19-9000-C,227,1570765776667,5.0,5.0,0.015,sell,2,8570.17,59.72
2019-10-11 03:49:36.667,44465277,BTC-18OCT19-9000-C,228,1570765776667,5.0,5.0,0.015,sell,3,8570.17,59.72
2019-10-11 04:45:14.123,44470704,BTC-18OCT19-9000-C,229,1570769114123,1.1,1.1,0.019,buy,0,8648.69,62.65
2019-10-11 04:46:14.045,44473330,BTC-18OCT19-9000-C,230,1570769174045,0.6,0.6,0.02,buy,0,8679.09,62.18
2019-10-11 04:46:36.680,44474338,BTC-18OCT19-9000-C,231,1570769196680,0.6,0.6,0.021,buy,0,8714.08,61.31
2019-10-11 04:46:44.540,44475226,BTC-18OCT19-9000-C,232,1570769204540,0.2,0.2,0.022,buy,0,8740.48,61.38
2019-10-11 04:46:44.540,44475227,BTC-18OCT19-9000-C,233,1570769204540,0.6,0.6,0.022,buy,1,8740.48,61.38
2019-10-11 04:49:41.448,44479948,BTC-18OCT19-9000-C,234,1570769381448,0.2,0.2,0.022,buy,1,8737.46,61.48
2019-10-11 04:51:29.837,44481320,BTC-18OCT19-9000-C,235,1570769489837,0.6,0.6,0.0205,sell,2,8722.36,59.9
2019-10-11 04:57:14.274,44483158,BTC-18OCT19-9000-C,236,1570769834274,1.0,1.0,0.023,buy,0,8728.33,64.07
2019-10-11 05:01:27.666,44486299,BTC-18OCT19-9000-C,237,1570770087666,1.0,1.0,0.025,buy,0,8801.51,61.84
2019-10-11 05:05:25.776,44491603,BTC-18OCT19-9000-C,238,1570770325776,0.2,0.2,0.022,buy,2,8735.48,61.62
2019-10-11 05:11:30.731,44496040,BTC-18OCT19-9000-C,239,1570770690731,4.0,4.0,0.02,sell,2,8685.13,61.69
2019-10-11 05:16:59.228,44503099,BTC-18OCT19-9000-C,240,1570771019228,1.0,1.0,0.016,sell,2,8546.02,63.57
2019-10-11 05:27:55.624,44523569,BTC-18OCT19-9000-C,241,1570771675624,1.0,1.0,0.012,buy,2,8410.82,64.02
2019-10-11 05:37:52.864,44538329,BTC-18OCT19-9000-C,242,1570772272864,0.3,0.3,0.013,sell,0,8442.26,64.19
2019-10-11 06:42:49.481,44559116,BTC-18OCT19-9000-C,243,1570776169481,0.1,0.1,0.013,sell,1,8395.81,67.34
2019-10-11 07:08:47.532,44562944,BTC-18OCT19-9000-C,244,1570777727532,1.0,1.0,0.014,buy,0,8438.8,66.97
2019-10-11 07:09:55.937,44563033,BTC-18OCT19-9000-C,245,1570777795937,0.5,0.5,0.0135,sell,2,8442.34,65.64
2019-10-11 07:14:29.512,44563440,BTC-18OCT19-9000-C,246,1570778069512,0.5,0.5,0.0135,sell,3,8437.18,65.97
2019-10-11 07:23:15.669,44564703,BTC-18OCT19-9000-C,247,1570778595669,5.0,5.0,0.0125,sell,2,8418.09,64.99
2019-10-11 07:25:19.317,44565077,BTC-18OCT19-9000-C,248,1570778719317,5.0,5.0,0.0125,sell,3,8414.79,65.15
2019-10-11 07:39:53.510,44566793,BTC-18OCT19-9000-C,249,1570779593510,2.5,2.5,0.0115,sell,2,8411.1,63.12
2019-10-11 08:00:30.745,44569809,BTC-18OCT19-9000-C,250,1570780830745,0.2,0.2,0.0115,sell,3,8396.86,64.08
2019-10-11 08:03:51.743,44570857,BTC-18OCT19-9000-C,251,1570781031743,1.0,1.0,0.011,buy,2,8381.67,63.85
2019-10-11 08:04:25.951,44570973,BTC-18OCT19-9000-C,252,1570781065951,0.2,0.2,0.0115,buy,0,8386.58,64.72
2019-10-11 08:05:49.669,44571287,BTC-18OCT19-9000-C,253,1570781149669,5.0,5.0,0.011,sell,2,8395.3,62.95
2019-10-11 08:05:53.992,44571292,BTC-18OCT19-9000-C,254,1570781153992,0.8,0.8,0.0115,buy,0,8395.18,64.16
2019-10-11 08:05:55.205,44571304,BTC-18OCT19-9000-C,255,1570781155205,0.8,0.8,0.0115,buy,1,8395.22,64.16
2019-10-11 08:05:55.425,44571311,BTC-18OCT19-9000-C,256,1570781155425,0.2,0.2,0.0115,buy,1,8395.22,64.16
2019-10-11 08:12:31.662,44577846,BTC-18OCT19-9000-C,257,1570781551662,0.8,0.8,0.0105,sell,2,8336.66,65.35
2019-10-11 08:15:47.636,44579656,BTC-18OCT19-9000-C,258,1570781747636,1.0,1.0,0.01,sell,2,8343.72,63.57
2019-10-11 08:15:50.324,44579668,BTC-18OCT19-9000-C,259,1570781750324,0.5,0.5,0.01,buy,3,8343.13,63.72
2019-10-11 08:15:51.977,44579671,BTC-18OCT19-9000-C,260,1570781751977,0.1,0.1,0.011,buy,0,8344.7,66.11
2019-10-11 08:19:25.885,44580336,BTC-18OCT19-9000-C,261,1570781965885,0.1,0.1,0.01,buy,2,8346.45,63.58
2019-10-11 08:19:35.690,44580373,BTC-18OCT19-9000-C,262,1570781975690,0.1,0.1,0.011,buy,0,8352.04,65.67
2019-10-11 08:24:31.238,44581060,BTC-18OCT19-9000-C,263,1570782271238,2.0,2.0,0.01,sell,2,8358.36,62.82
2019-10-11 08:26:02.671,44581241,BTC-18OCT19-9000-C,264,1570782362671,3.0,3.0,0.01,sell,3,8363.18,62.52
2019-10-11 08:34:16.561,44581949,BTC-18OCT19-9000-C,265,1570782856561,1.0,1.0,0.01,buy,3,8365.24,62.44
2019-10-11 08:34:39.377,44581968,BTC-18OCT19-9000-C,266,1570782879377,1.0,1.0,0.0105,buy,0,8368.93,63.46
2019-10-11 08:34:39.388,44581969,BTC-18OCT19-9000-C,267,1570782879388,1.0,1.0,0.0105,sell,1,8368.93,63.46
2019-10-11 08:36:22.028,44582095,BTC-18OCT19-9000-C,268,1570782982028,1.9000000000000001,1.9000000000000001,0.0115,buy,0,8374.88,65.5
2019-10-11 08:37:59.913,44582166,BTC-18OCT19-9000-C,269,1570783079913,5.5,5.5,0.01,sell,2,8372.03,61.98
2019-10-11 08:40:44.106,44582333,BTC-18OCT19-9000-C,270,1570783244106,4.0,4.0,0.01,sell,3,8368.22,62.25
2019-10-11 08:57:41.446,44583492,BTC-18OCT19-9000-C,271,1570784261446,1.0,1.0,0.01,buy,3,8366.99,62.39
2019-10-11 09:06:44.673,44584010,BTC-18OCT19-9000-C,272,1570784804673,1.0,1.0,0.0105,buy,0,8378.26,62.97
2019-10-11 09:09:38.586,44584134,BTC-18OCT19-9000-C,273,1570784978586,5.0,5.0,0.01,sell,2,8384.87,61.34
2019-10-11 09:13:43.710,44584384,BTC-18OCT19-9000-C,274,1570785223710,0.6,0.6,0.0105,buy,0,8381.72,62.79
2019-10-11 09:26:51.631,44585324,BTC-18OCT19-9000-C,275,1570786011631,4.0,4.0,0.01,sell,2,8371.9,62.18
2019-10-11 10:02:59.406,44586459,BTC-18OCT19-9000-C,276,1570788179406,1.0,1.0,0.009,sell,2,8358.22,60.55
2019-10-11 10:13:00.168,44586980,BTC-18OCT19-9000-C,277,1570788780168,0.4,0.4,0.009,buy,3,8351.74,60.98
2019-10-11 10:13:00.332,44586982,BTC-18OCT19-9000-C,278,1570788780332,0.4,0.4,0.009,buy,3,8351.74,60.97
2019-10-11 10:13:00.381,44586985,BTC-18OCT19-9000-C,279,1570788780381,0.4,0.4,0.009,buy,3,8351.74,60.97
2019-10-11 10:13:00.426,44586987,BTC-18OCT19-9000-C,280,1570788780426,0.4,0.4,0.009,buy,3,8351.74,60.97
2019-10-11 10:13:00.492,44586989,BTC-18OCT19-9000-C,281,1570788780492,0.4,0.4,0.009,buy,3,8351.74,60.97
2019-10-11 10:13:00.514,44586990,BTC-18OCT19-9000-C,282,1570788780514,0.4,0.4,0.009,buy,3,8351.74,60.97
2019-10-11 10:13:01.036,44586992,BTC-18OCT19-9000-C,284,1570788781036,0.1,0.1,0.009,buy,3,8351.74,60.97
2019-10-11 10:13:01.036,44586991,BTC-18OCT19-9000-C,283,1570788781036,1.5,1.5,0.009,buy,3,8351.74,60.97
2019-10-11 11:08:18.787,44590519,BTC-18OCT19-9000-C,285,1570792098787,0.4,0.4,0.009,buy,3,8346.18,61.46
2019-10-11 11:38:14.905,44595464,BTC-18OCT19-9000-C,286,1570793894905,0.4,0.4,0.009,buy,3,8322.68,62.99
2019-10-11 11:40:58.416,44595795,BTC-18OCT19-9000-C,287,1570794058416,0.4,0.4,0.009,buy,3,8330.23,62.59
2019-10-11 11:42:03.497,44595864,BTC-18OCT19-9000-C,288,1570794123497,0.2,0.2,0.009,buy,3,8333.03,62.36
2019-10-11 11:42:55.714,44595879,BTC-18OCT19-9000-C,289,1570794175714,0.5,0.5,0.0085,sell,2,8330.97,61.16
2019-10-11 11:43:46.384,44595907,BTC-18OCT19-9000-C,290,1570794226384,0.5,0.5,0.0085,sell,3,8334.14,60.99
2019-10-11 11:54:18.050,44596738,BTC-18OCT19-9000-C,291,1570794858050,0.4,0.4,0.009,sell,0,8306.48,63.94
2019-10-11 12:01:33.176,44597975,BTC-18OCT19-9000-C,292,1570795293176,0.1,0.1,0.009,sell,1,8299.6,64.43
2019-10-11 12:09:08.938,44599335,BTC-18OCT19-9000-C,293,1570795748938,0.2,0.2,0.0095,buy,0,8326.58,64.13
2019-10-11 12:09:25.199,44599348,BTC-18OCT19-9000-C,294,1570795765199,0.2,0.2,0.0095,buy,1,8328.14,64.11
2019-10-11 12:17:07.852,44599643,BTC-18OCT19-9000-C,295,1570796227852,0.4,0.4,0.009,sell,2,8328.06,62.79
2019-10-11 12:26:42.768,44600262,BTC-18OCT19-9000-C,296,1570796802768,0.5,0.5,0.01,buy,0,8345.47,64.4
2019-10-11 12:30:53.228,44600590,BTC-18OCT19-9000-C,297,1570797053228,0.5,0.5,0.0095,sell,2,8345.46,63.11
2019-10-11 12:42:04.662,44601208,BTC-18OCT19-9000-C,298,1570797724662,0.4,0.4,0.0095,sell,3,8344.92,63.17
2019-10-11 12:42:05.232,44601209,BTC-18OCT19-9000-C,299,1570797725232,0.1,0.1,0.0095,sell,3,8344.92,63.17
2019-10-11 13:04:46.634,44602499,BTC-18OCT19-9000-C,300,1570799086634,0.1,0.1,0.0095,buy,3,8340.95,63.47
2019-10-11 13:58:28.274,44604984,BTC-18OCT19-9000-C,301,1570802308274,1.0,1.0,0.009,sell,2,8353.59,61.62
2019-10-11 14:02:49.007,44605325,BTC-18OCT19-9000-C,302,1570802569007,0.4,0.4,0.0085,sell,2,8337.69,61.25
2019-10-11 14:27:27.416,44607101,BTC-18OCT19-9000-C,304,1570804047416,0.3,0.3,0.008,sell,3,8311.04,61.52
2019-10-11 14:27:27.416,44607100,BTC-18OCT19-9000-C,303,1570804047416,0.1,0.1,0.008,sell,2,8311.04,61.52
2019-10-11 14:35:03.395,44607994,BTC-18OCT19-9000-C,305,1570804503395,2.0,2.0,0.009,buy,0,8300.0,64.82
2019-10-11 14:35:26.799,44608268,BTC-18OCT19-9000-C,307,1570804526799,0.4,0.4,0.008,sell,3,8309.35,61.85
2019-10-11 14:35:26.799,44608267,BTC-18OCT19-9000-C,306,1570804526799,1.0,1.0,0.008,sell,2,8309.35,61.85
2019-10-11 14:35:27.939,44608277,BTC-18OCT19-9000-C,308,1570804527939,1.6,1.6,0.008,buy,3,8309.36,61.63
2019-10-11 14:52:29.415,44609498,BTC-18OCT19-9000-C,309,1570805549415,0.2,0.2,0.009,buy,0,8337.59,62.75
2019-10-11 15:21:36.771,44611840,BTC-18OCT19-9000-C,310,1570807296771,0.1,0.1,0.008,sell,2,8340.85,59.95
2019-10-11 16:07:48.723,44614935,BTC-18OCT19-9000-C,311,1570810068723,3.6,3.6,0.008,sell,3,8330.44,60.7
2019-10-11 16:08:09.122,44615292,BTC-18OCT19-9000-C,312,1570810089122,0.4,0.4,0.008,sell,3,8320.59,61.23
2019-10-11 16:10:44.106,44616342,BTC-18OCT19-9000-C,313,1570810244106,0.3,0.3,0.008,sell,3,8312.51,61.75
2019-10-11 16:25:21.083,44618795,BTC-18OCT19-9000-C,320,1570811121083,2.6,2.6,0.0065,sell,3,8307.88,57.7
2019-10-11 16:25:21.083,44618794,BTC-18OCT19-9000-C,319,1570811121083,0.1,0.1,0.0065,sell,2,8307.88,57.7
2019-10-11 16:25:21.083,44618793,BTC-18OCT19-9000-C,318,1570811121083,0.4,0.4,0.007,sell,3,8307.88,59.18
2019-10-11 16:25:21.083,44618792,BTC-18OCT19-9000-C,317,1570811121083,0.1,0.1,0.007,sell,2,8307.88,59.18
2019-10-11 16:25:21.083,44618790,BTC-18OCT19-9000-C,315,1570811121083,0.1,0.1,0.0075,sell,3,8307.88,60.63
2019-10-11 16:25:21.083,44618789,BTC-18OCT19-9000-C,314,1570811121083,0.1,0.1,0.0075,sell,2,8307.88,60.63
2019-10-11 16:25:21.083,44618791,BTC-18OCT19-9000-C,316,1570811121083,0.6,0.6,0.0075,sell,3,8307.88,60.63
2019-10-11 16:26:19.750,44618841,BTC-18OCT19-9000-C,321,1570811179750,0.3,0.3,0.0075,buy,0,8309.27,60.55
2019-10-11 16:33:48.859,44620373,BTC-18OCT19-9000-C,322,1570811628859,0.5,0.5,0.0075,buy,1,8317.91,60.06
2019-10-11 16:34:25.411,44620534,BTC-18OCT19-9000-C,323,1570811665411,4.0,4.0,0.007,sell,2,8317.01,58.58
2019-10-11 16:40:31.711,44621508,BTC-18OCT19-9000-C,324,1570812031711,0.2,0.2,0.0075,buy,0,8339.18,58.89
2019-10-11 16:49:33.431,44622499,BTC-18OCT19-9000-C,325,1570812573431,0.4,0.4,0.0075,buy,1,8335.5,59.06
2019-10-11 16:55:35.135,44623161,BTC-18OCT19-9000-C,326,1570812935135,0.6,0.6,0.0075,buy,1,8336.04,59.08
2019-10-11 18:25:19.146,44629362,BTC-18OCT19-9000-C,327,1570818319146,4.0,4.0,0.0085,buy,0,8343.14,61.66
2019-10-11 18:29:12.458,44629702,BTC-18OCT19-9000-C,328,1570818552458,0.5,0.5,0.0085,sell,1,8334.0,62.29
2019-10-11 19:46:54.994,44632683,BTC-18OCT19-9000-C,329,1570823214994,0.5,0.5,0.0085,sell,1,8342.37,62.06
2019-10-11 21:25:52.676,44637588,BTC-18OCT19-9000-C,330,1570829152676,2.0,2.0,0.0075,sell,2,8333.32,60.14
2019-10-11 21:25:52.676,44637589,BTC-18OCT19-9000-C,331,1570829152676,2.0,2.0,0.0075,sell,3,8333.32,60.14
2019-10-11 22:29:39.526,44639419,BTC-18OCT19-9000-C,332,1570832979526,0.5,0.5,0.0075,sell,3,8340.53,59.87
2019-10-11 23:34:15.039,44641760,BTC-18OCT19-9000-C,333,1570836855039,3.0,3.0,0.0065,sell,2,8308.38,58.95
2019-10-11 23:47:50.228,44646435,BTC-18OCT19-9000-C,336,1570837670228,2.8000000000000003,2.8000000000000003,0.005,sell,2,8249.7,57.45
2019-10-11 23:47:50.228,44646433,BTC-18OCT19-9000-C,334,1570837670228,0.1,0.1,0.006,sell,2,8249.7,60.82
2019-10-11 23:47:50.228,44646434,BTC-18OCT19-9000-C,335,1570837670228,0.1,0.1,0.006,sell,3,8249.7,60.82
2019-10-11 23:57:18.264,44648447,BTC-18OCT19-9000-C,337,1570838238264,0.1,0.1,0.007,buy,0,8268.79,62.89
2019-10-11 23:57:20.120,44648449,BTC-18OCT19-9000-C,338,1570838240120,0.2,0.2,0.007,sell,1,8268.59,62.89
2019-10-12 00:11:39.523,44650164,BTC-18OCT19-9000-C,339,1570839099523,0.2,0.2,0.0065,buy,2,8278.08,60.88
2019-10-12 00:14:29.600,44650318,BTC-18OCT19-9000-C,340,1570839269600,0.5,0.5,0.0065,sell,3,8284.89,60.51
2019-10-12 01:36:18.492,44655246,BTC-18OCT19-9000-C,341,1570844178492,0.5,0.5,0.0065,buy,3,8302.6,59.68
2019-10-12 01:52:02.500,44656406,BTC-18OCT19-9000-C,342,1570845122500,0.1,0.1,0.006,sell,2,8318.63,57.27
2019-10-12 02:00:52.980,44656709,BTC-18OCT19-9000-C,343,1570845652980,0.1,0.1,0.006,sell,3,8321.3,57.16
2019-10-12 02:12:54.735,44656944,BTC-18OCT19-9000-C,344,1570846374735,0.8,0.8,0.0075,buy,0,8328.94,61.28
2019-10-12 02:50:44.758,44657925,BTC-18OCT19-9000-C,345,1570848644758,0.3,0.3,0.0065,sell,2,8310.08,59.53
2019-10-12 02:52:42.243,44657951,BTC-18OCT19-9000-C,346,1570848762243,0.5,0.5,0.006,sell,2,8307.82,58.1
2019-10-12 04:00:18.941,44659090,BTC-18OCT19-9000-C,347,1570852818941,0.5,0.5,0.006,buy,3,8316.6,57.8
2019-10-12 04:07:21.947,44659346,BTC-18OCT19-9000-C,348,1570853241947,0.6,0.6,0.006,buy,3,8328.79,57.13
2019-10-12 04:12:39.815,44659562,BTC-18OCT19-9000-C,349,1570853559815,3.9,3.9,0.006,buy,3,8332.16,56.96
2019-10-12 09:48:05.974,44668077,BTC-18OCT19-9000-C,350,1570873685974,0.1,0.1,0.0055,sell,2,8360.76,54.8
2019-10-12 10:06:21.032,44668886,BTC-18OCT19-9000-C,351,1570874781032,0.1,0.1,0.006,buy,0,8333.47,58.1
2019-10-12 10:30:02.726,44670853,BTC-18OCT19-9000-C,352,1570876202726,0.1,0.1,0.005,sell,2,8319.56,55.66
2019-10-12 11:14:40.113,44672025,BTC-18OCT19-9000-C,353,1570878880113,0.1,0.1,0.005,sell,3,8328.23,55.34
2019-10-12 13:49:07.770,44675840,BTC-18OCT19-9000-C,354,1570888147770,0.1,0.1,0.0055,buy,0,8332.08,57.34
2019-10-12 13:52:29.447,44675887,BTC-18OCT19-9000-C,355,1570888349447,0.1,0.1,0.005,sell,2,8330.09,55.74
2019-10-12 13:58:38.705,44675987,BTC-18OCT19-9000-C,356,1570888718705,10.1,10.1,0.005,buy,3,8336.6,55.38
2019-10-12 13:58:46.811,44675992,BTC-18OCT19-9000-C,357,1570888726811,0.4,0.4,0.005,buy,3,8337.49,55.33
2019-10-12 13:58:48.210,44675994,BTC-18OCT19-9000-C,358,1570888728210,9.4,9.4,0.005,buy,3,8338.69,55.28
2019-10-12 14:56:31.866,44679180,BTC-18OCT19-9000-C,359,1570892191866,0.2,0.2,0.006,buy,0,8385.44,56.04
2019-10-12 15:55:52.468,44684919,BTC-18OCT19-9000-C,360,1570895752468,0.1,0.1,0.006,buy,1,8395.87,55.57
2019-10-12 19:45:33.416,44695460,BTC-18OCT19-9000-C,361,1570909533416,0.4,0.4,0.0055,sell,2,8331.05,58.63
2019-10-12 19:52:40.561,44695652,BTC-18OCT19-9000-C,362,1570909960561,0.2,0.2,0.0055,buy,3,8316.78,59.53
2019-10-12 20:54:16.885,44697470,BTC-18OCT19-9000-C,363,1570913656885,0.3,0.3,0.006,buy,0,8350.24,59.42
2019-10-13 02:24:45.254,44707010,BTC-18OCT19-9000-C,364,1570933485254,0.1,0.1,0.005,sell,2,8358.47,56.7
2019-10-13 02:25:43.563,44707015,BTC-18OCT19-9000-C,365,1570933543563,0.1,0.1,0.005,sell,3,8356.95,56.78
2019-10-13 02:27:40.651,44707082,BTC-18OCT19-9000-C,367,1570933660651,1.9000000000000001,1.9000000000000001,0.0045,sell,3,8354.33,55.11
2019-10-13 02:27:40.651,44707081,BTC-18OCT19-9000-C,366,1570933660651,0.1,0.1,0.0045,sell,2,8354.33,55.11
2019-10-13 02:50:02.741,44707354,BTC-18OCT19-9000-C,368,1570935002741,0.1,0.1,0.0045,sell,3,8342.9,55.9
2019-10-13 03:55:48.320,44708238,BTC-18OCT19-9000-C,369,1570938948320,0.1,0.1,0.0045,sell,3,8340.12,56.28
2019-10-13 03:56:04.820,44708239,BTC-18OCT19-9000-C,370,1570938964820,1.0,1.0,0.004,sell,2,8341.04,54.26
2019-10-13 03:56:04.820,44708240,BTC-18OCT19-9000-C,371,1570938964820,0.1,0.1,0.004,sell,3,8341.04,54.26
2019-10-13 03:56:04.820,44708241,BTC-18OCT19-9000-C,372,1570938964820,0.8,0.8,0.004,sell,3,8341.04,54.26
2019-10-13 04:04:54.990,44708492,BTC-18OCT19-9000-C,373,1570939494990,1.9000000000000001,1.9000000000000001,0.0045,buy,0,8348.06,55.84
2019-10-13 04:51:15.912,44709485,BTC-18OCT19-9000-C,374,1570942275912,0.1,0.1,0.005,sell,0,8342.41,58.26
2019-10-13 04:59:41.638,44709590,BTC-18OCT19-9000-C,375,1570942781638,0.1,0.1,0.005,buy,1,8342.69,58.28
2019-10-13 04:59:41.638,44709591,BTC-18OCT19-9000-C,376,1570942781638,0.1,0.1,0.005,buy,1,8342.69,58.28
2019-10-13 06:56:22.723,44711521,BTC-18OCT19-9000-C,377,1570949782723,0.5,0.5,0.004,sell,2,8316.25,56.44
2019-10-13 06:56:22.723,44711522,BTC-18OCT19-9000-C,378,1570949782723,0.1,0.1,0.004,sell,3,8316.25,56.44
2019-10-13 06:56:23.995,44711523,BTC-18OCT19-9000-C,379,1570949783995,0.5,0.5,0.004,buy,3,8316.28,56.44
2019-10-13 06:56:24.141,44711524,BTC-18OCT19-9000-C,380,1570949784141,0.5,0.5,0.004,buy,3,8316.28,56.44
2019-10-13 06:56:24.174,44711525,BTC-18OCT19-9000-C,381,1570949784174,0.4,0.4,0.004,buy,3,8316.28,56.44
2019-10-13 06:56:27.426,44711528,BTC-18OCT19-9000-C,382,1570949787426,0.1,0.1,0.0045,buy,0,8316.28,58.45
2019-10-13 07:05:20.835,44711612,BTC-18OCT19-9000-C,383,1570950320835,0.1,0.1,0.0045,buy,1,8316.93,58.44
2019-10-13 07:07:07.487,44711664,BTC-18OCT19-9000-C,384,1570950427487,0.1,0.1,0.0045,buy,1,8320.25,58.24
2019-10-13 07:36:39.503,44712889,BTC-18OCT19-9000-C,385,1570952199503,1.0,1.0,0.005,buy,0,8329.06,59.76
2019-10-13 09:13:05.140,44715513,BTC-18OCT19-9000-C,386,1570957985140,0.4,0.4,0.005,sell,1,8356.24,58.46
