date_utc,tradeId,instrument,tradeSeq,timeStamp,quantity,amount,price,direction,tickDirection,indexPrice,iv
2019-10-06 18:38:20.419,43858875,BTC-29NOV19-7000-P,36,1570387100419,0.1,0.1,0.07200000000000001,buy,0,7833.38,81.23
2019-10-07 00:54:02.963,43899024,BTC-29NOV19-7000-P,37,1570409642963,0.5,0.5,0.075,buy,0,7822.41,84.15
2019-10-07 03:25:42.124,43909536,BTC-29NOV19-7000-P,38,1570418742124,0.2,0.2,0.068,sell,2,7898.21,81.63
2019-10-07 12:55:31.835,43951194,BTC-29NOV19-7000-P,39,1570452931835,0.1,0.1,0.057,buy,2,8123.93,80.89
2019-10-07 16:41:15.722,43974280,BTC-29NOV19-7000-P,40,1570466475722,1.0,1.0,0.0545,sell,2,8220.15,81.91
2019-10-08 08:02:53.830,44026779,BTC-29NOV19-7000-P,41,1570521773830,0.1,0.1,0.054000000000000006,buy,2,8206.14,81.9
2019-10-08 10:27:02.870,44037101,BTC-29NOV19-7000-P,42,1570530422870,0.1,0.1,0.0505,sell,2,8204.37,79.13
2019-10-08 13:56:58.161,44064985,BTC-29NOV19-7000-P,43,1570543018161,10.0,10.0,0.0525,sell,0,8211.77,81.24
2019-10-08 17:06:59.628,44086042,BTC-29NOV19-7000-P,44,1570554419628,0.1,0.1,0.0545,sell,0,8168.32,81.69
2019-10-09 13:10:18.895,44198701,BTC-29NOV19-7000-P,45,1570626618895,0.1,0.1,0.05,sell,2,8178.37,79.04
2019-10-09 14:29:22.398,44227524,BTC-29NOV19-7000-P,46,1570631362398,5.0,5.0,0.043,buy,2,8402.8,79.5
2019-10-09 14:59:24.736,44241095,BTC-29NOV19-7000-P,47,1570633164736,1.8,1.8,0.044000000000000004,sell,0,8445.16,81.61
2019-10-09 15:00:29.412,44241465,BTC-29NOV19-7000-P,48,1570633229412,8.2,8.2,0.044000000000000004,sell,1,8459.37,82.07
2019-10-09 15:44:06.797,44277747,BTC-29NOV19-7000-P,49,1570635846797,1.0,1.0,0.0395,sell,2,8572.06,81.06
2019-10-09 16:48:30.841,44299757,BTC-29NOV19-7000-P,50,1570639710841,1.0,1.0,0.0415,buy,0,8596.38,83.53
2019-10-09 20:00:45.183,44326730,BTC-29NOV19-7000-P,51,1570651245183,0.1,0.1,0.0375,sell,2,8612.87,80.12
2019-10-10 01:33:34.161,44347133,BTC-29NOV19-7000-P,52,1570671214161,3.0,3.0,0.0395,buy,0,8575.9,81.45
2019-10-10 09:45:15.279,44374398,BTC-29NOV19-7000-P,53,1570700715279,0.2,0.2,0.039,buy,2,8530.26,80.03
2019-10-10 15:01:39.946,44408173,BTC-29NOV19-7000-P,54,1570719699946,0.1,0.1,0.0405,buy,0,8507.94,81.03
2019-10-10 15:01:39.946,44408174,BTC-29NOV19-7000-P,55,1570719699946,0.1,0.1,0.0405,buy,1,8507.94,81.03
2019-10-10 15:01:40.050,44408175,BTC-29NOV19-7000-P,56,1570719700050,1.8,1.8,0.0405,sell,1,8507.94,81.03
2019-10-10 15:01:42.232,44408189,BTC-29NOV19-7000-P,57,1570719702232,1.8,1.8,0.0405,sell,1,8507.94,81.03
2019-10-10 15:01:52.833,44408197,BTC-29NOV19-7000-P,58,1570719712833,1.2,1.2,0.0405,sell,1,8507.84,81.02
2019-10-10 15:02:06.172,44408198,BTC-29NOV19-7000-P,59,1570719726172,1.8,1.8,0.0405,sell,1,8507.68,81.0
2019-10-10 15:02:08.348,44408213,BTC-29NOV19-7000-P,60,1570719728348,1.8,1.8,0.0405,sell,1,8507.59,81.0
2019-10-10 15:05:03.855,44408468,BTC-29NOV19-7000-P,61,1570719903855,1.4,1.4,0.0405,sell,1,8508.07,81.01
2019-10-10 15:28:32.319,44410429,BTC-29NOV19-7000-P,62,1570721312319,1.8,1.8,0.0395,sell,2,8537.17,80.94
2019-10-10 15:28:34.469,44410430,BTC-29NOV19-7000-P,63,1570721314469,1.8,1.8,0.0395,sell,3,8537.17,80.94
2019-10-10 15:28:36.604,44410435,BTC-29NOV19-7000-P,64,1570721316604,1.4,1.4,0.0395,sell,3,8537.17,80.94
2019-10-10 15:29:36.135,44410642,BTC-29NOV19-7000-P,65,1570721376135,5.0,5.0,0.04,sell,0,8532.17,81.23
2019-10-10 15:29:36.233,44410643,BTC-29NOV19-7000-P,66,1570721376233,1.8,1.8,0.0395,sell,2,8532.17,80.75
2019-10-10 15:29:38.390,44410644,BTC-29NOV19-7000-P,67,1570721378390,1.8,1.8,0.0395,sell,3,8532.17,80.75
2019-10-10 15:35:09.886,44411331,BTC-29NOV19-7000-P,68,1570721709886,1.4,1.4,0.04,sell,0,8527.17,81.08
2019-10-10 16:16:02.461,44417608,BTC-29NOV19-7000-P,69,1570724162461,5.0,5.0,0.039,sell,2,8583.91,81.64
2019-10-10 22:03:47.933,44442525,BTC-29NOV19-7000-P,70,1570745027933,2.0,2.0,0.0365,sell,2,8582.24,79.24
2019-10-11 04:47:03.226,44476466,BTC-29NOV19-7000-P,71,1570769223226,1.0,1.0,0.0335,buy,2,8737.2,80.58
2019-10-11 04:51:33.446,44481350,BTC-29NOV19-7000-P,73,1570769493446,4.0,4.0,0.0355,buy,1,8720.92,82.07
2019-10-11 04:51:33.446,44481349,BTC-29NOV19-7000-P,72,1570769493446,13.0,13.0,0.0355,buy,0,8720.92,82.07
2019-10-11 04:51:33.446,44481351,BTC-29NOV19-7000-P,74,1570769493446,19.3,19.3,0.0355,buy,1,8720.92,82.07
2019-10-11 04:51:33.450,44481352,BTC-29NOV19-7000-P,75,1570769493450,3.7,3.7,0.0355,sell,1,8720.92,82.07
2019-10-11 04:52:43.809,44481788,BTC-29NOV19-7000-P,78,1570769563809,10.0,10.0,0.036000000000000004,buy,1,8731.47,82.83
2019-10-11 04:52:43.809,44481786,BTC-29NOV19-7000-P,76,1570769563809,8.0,8.0,0.036000000000000004,buy,0,8731.47,82.83
2019-10-11 04:52:43.809,44481787,BTC-29NOV19-7000-P,77,1570769563809,10.0,10.0,0.036000000000000004,buy,1,8731.47,82.83
2019-10-11 04:52:43.814,44481789,BTC-29NOV19-7000-P,79,1570769563814,12.0,12.0,0.036000000000000004,sell,1,8731.47,82.83
2019-10-11 04:52:57.422,44481863,BTC-29NOV19-7000-P,81,1570769577422,4.0,4.0,0.036000000000000004,buy,1,8731.49,82.82
2019-10-11 04:52:57.422,44481864,BTC-29NOV19-7000-P,82,1570769577422,2.0,2.0,0.036000000000000004,buy,1,8731.49,82.82
2019-10-11 04:52:57.422,44481862,BTC-29NOV19-7000-P,80,1570769577422,10.0,10.0,0.036000000000000004,buy,1,8731.49,82.82
2019-10-11 04:53:04.688,44481892,BTC-29NOV19-7000-P,83,1570769584688,13.3,13.3,0.0365,buy,0,8732.68,83.34
2019-10-11 04:53:13.852,44481901,BTC-29NOV19-7000-P,84,1570769593852,11.2,11.2,0.0365,buy,1,8732.09,83.34
2019-10-11 04:53:13.852,44481902,BTC-29NOV19-7000-P,85,1570769593852,19.3,19.3,0.0365,buy,1,8732.09,83.34
2019-10-11 04:53:23.686,44482066,BTC-29NOV19-7000-P,86,1570769603686,9.5,9.5,0.0365,buy,1,8737.95,83.48
2019-10-11 04:53:43.730,44482219,BTC-29NOV19-7000-P,87,1570769623730,10.0,10.0,0.0365,buy,1,8736.39,83.47
2019-10-11 04:53:46.805,44482297,BTC-29NOV19-7000-P,88,1570769626805,10.0,10.0,0.036000000000000004,sell,2,8734.95,82.93
2019-10-11 05:00:24.534,44483953,BTC-29NOV19-7000-P,89,1570770024534,10.0,10.0,0.0355,sell,2,8741.29,82.52
2019-10-11 05:00:47.637,44484944,BTC-29NOV19-7000-P,90,1570770047637,10.0,10.0,0.0355,sell,3,8754.97,82.91
2019-10-11 05:00:54.930,44485037,BTC-29NOV19-7000-P,91,1570770054930,10.0,10.0,0.0355,sell,3,8752.1,82.86
2019-10-11 05:01:24.637,44486181,BTC-29NOV19-7000-P,93,1570770084637,14.9,14.9,0.0355,sell,3,8788.77,84.01
2019-10-11 05:01:24.637,44486180,BTC-29NOV19-7000-P,92,1570770084637,10.0,10.0,0.0355,sell,3,8788.77,84.01
2019-10-11 05:01:27.603,44486297,BTC-29NOV19-7000-P,94,1570770087603,5.1000000000000005,5.1000000000000005,0.0355,sell,3,8801.51,84.36
2019-10-11 05:03:04.271,44488856,BTC-29NOV19-7000-P,96,1570770184271,19.3,19.3,0.037000000000000005,buy,1,8779.51,85.15
2019-10-11 05:03:04.271,44488855,BTC-29NOV19-7000-P,95,1570770184271,4.0,4.0,0.037000000000000005,buy,0,8779.51,85.15
2019-10-11 05:03:04.271,44488857,BTC-29NOV19-7000-P,97,1570770184271,6.7,6.7,0.037000000000000005,buy,1,8779.51,85.15
2019-10-11 05:17:20.757,44505066,BTC-29NOV19-7000-P,98,1570771040757,19.3,19.3,0.0425,buy,0,8493.33,82.77
2019-10-11 05:18:27.282,44508477,BTC-29NOV19-7000-P,99,1570771107282,0.3,0.3,0.04,sell,2,8562.8,82.29
2019-10-11 07:14:03.387,44563368,BTC-29NOV19-7000-P,100,1570778043387,1.0,1.0,0.0415,buy,0,8438.02,80.29
2019-10-11 10:45:58.527,44587934,BTC-29NOV19-7000-P,101,1570790758527,2.0,2.0,0.042,sell,0,8384.33,79.5
2019-10-11 12:29:35.901,44600523,BTC-29NOV19-7000-P,102,1570796975901,8.0,8.0,0.043,sell,0,8344.38,79.27
2019-10-11 14:13:40.199,44606283,BTC-29NOV19-7000-P,103,1570803220199,0.2,0.2,0.045,buy,0,8331.54,80.74
2019-10-11 16:03:23.260,44614223,BTC-29NOV19-7000-P,104,1570809803260,1.0,1.0,0.040999999999999995,sell,2,8355.57,77.83
2019-10-11 16:05:39.292,44614495,BTC-29NOV19-7000-P,105,1570809939292,1.0,1.0,0.0435,buy,0,8342.76,79.83
2019-10-12 06:47:57.192,44664464,BTC-29NOV19-7000-P,106,1570862877192,9.0,9.0,0.042,buy,2,8364.95,79.68
2019-10-12 12:16:08.489,44673705,BTC-29NOV19-7000-P,107,1570882568489,5.0,5.0,0.0415,buy,2,8331.75,78.26
2019-10-12 18:13:27.121,44691592,BTC-29NOV19-7000-P,108,1570904007121,0.1,0.1,0.042,buy,0,8312.4,78.38
2019-10-13 10:47:55.163,44717914,BTC-29NOV19-7000-P,109,1570963675163,1.0,1.0,0.039,sell,2,8344.24,77.08
2019-10-13 11:32:29.811,44718938,BTC-29NOV19-7000-P,110,1570966349811,1.0,1.0,0.039,sell,3,8366.85,77.79
2019-10-13 11:51:30.817,44721465,BTC-29NOV19-7000-P,111,1570967490817,0.1,0.1,0.042,buy,0,8357.23,80.28
2019-10-13 16:23:08.298,44744922,BTC-29NOV19-7000-P,112,1570983788298,0.1,0.1,0.039,sell,2,8454.49,80.62
2019-10-13 16:29:19.550,44745397,BTC-29NOV19-7000-P,113,1570984159550,2.9,2.9,0.039,sell,3,8458.91,80.75
2019-10-13 20:12:57.781,44762123,BTC-29NOV19-7000-P,114,1570997577781,0.9,0.9,0.042,buy,0,8281.52,78.67
2019-10-13 23:18:53.633,44790599,BTC-29NOV19-7000-P,115,1571008733633,0.1,0.1,0.04,sell,2,8313.19,77.94
2019-10-13 23:20:15.990,44790755,BTC-29NOV19-7000-P,116,1571008815990,0.9,0.9,0.0395,sell,2,8310.28,77.36
2019-10-14 01:41:08.102,44796237,BTC-29NOV19-7000-P,117,1571017268102,0.9,0.9,0.042,buy,0,8285.51,79.0
2019-10-14 01:41:08.102,44796238,BTC-29NOV19-7000-P,118,1571017268102,0.1,0.1,0.0425,buy,0,8285.51,79.46
2019-10-14 06:13:45.190,44803624,BTC-29NOV19-7000-P,119,1571033625190,1.0,1.0,0.0395,sell,2,8329.78,78.02
2019-10-14 08:04:23.283,44806227,BTC-29NOV19-7000-P,120,1571040263283,4.0,4.0,0.0395,sell,3,8317.16,77.77
2019-10-14 08:33:07.222,44806622,BTC-29NOV19-7000-P,121,1571041987222,12.0,12.0,0.0375,sell,2,8317.33,75.76
2019-10-14 08:33:07.222,44806623,BTC-29NOV19-7000-P,122,1571041987222,8.0,8.0,0.0375,sell,3,8317.33,75.76
2019-10-14 08:33:07.222,44806624,BTC-29NOV19-7000-P,123,1571041987222,4.0,4.0,0.0375,sell,3,8317.33,75.76
2019-10-14 12:11:32.139,44814228,BTC-29NOV19-7000-P,124,1571055092139,0.9,0.9,0.0395,buy,0,8277.95,76.67
2019-10-14 19:49:35.846,44856636,BTC-29NOV19-7000-P,125,1571082575846,1.0,1.0,0.036,buy,2,8344.61,75.72
2019-10-14 19:49:35.846,44856637,BTC-29NOV19-7000-P,126,1571082575846,0.1,0.1,0.036,buy,3,8344.61,75.72
2019-10-15 00:18:07.062,44874819,BTC-29NOV19-7000-P,127,1571098687062,0.1,0.1,0.035,sell,2,8389.49,76.26
2019-10-15 00:18:07.062,44874820,BTC-29NOV19-7000-P,128,1571098687062,0.1,0.1,0.035,sell,3,8389.49,76.26
2019-10-15 00:27:25.283,44877388,BTC-29NOV19-7000-P,129,1571099245283,1.1,1.1,0.036,buy,0,8380.41,77.01
2019-10-15 01:07:24.823,44880580,BTC-29NOV19-7000-P,130,1571101644823,1.0,1.0,0.034,sell,2,8361.57,74.5
2019-10-15 05:17:02.305,44887780,BTC-29NOV19-7000-P,131,1571116622305,0.2,0.2,0.034,sell,3,8329.87,73.75
2019-10-15 08:51:49.006,44898266,BTC-29NOV19-7000-P,132,1571129509006,2.0,2.0,0.0355,sell,0,8292.88,73.98
2019-10-15 20:59:12.412,44968997,BTC-29NOV19-7000-P,133,1571173152412,0.1,0.1,0.04,buy,0,8140.8,74.06
2019-10-16 00:05:50.570,44980058,BTC-29NOV19-7000-P,134,1571184350570,1.0,1.0,0.039,buy,2,8157.97,73.88
2019-10-16 01:01:07.132,44981448,BTC-29NOV19-7000-P,135,1571187667132,5.0,5.0,0.0405,sell,0,8170.25,75.66
2019-10-16 01:06:48.591,44981560,BTC-29NOV19-7000-P,136,1571188008591,5.0,5.0,0.04,sell,2,8171.05,75.2
2019-10-16 01:10:24.089,44981650,BTC-29NOV19-7000-P,137,1571188224089,3.3000000000000003,3.3000000000000003,0.0385,sell,2,8167.98,73.67
2019-10-16 01:11:51.102,44981690,BTC-29NOV19-7000-P,138,1571188311102,5.0,5.0,0.0385,sell,3,8167.58,73.63
2019-10-16 01:15:12.040,44981776,BTC-29NOV19-7000-P,139,1571188512040,2.0,2.0,0.0385,buy,3,8170.42,73.75
2019-10-16 03:10:27.380,44983761,BTC-29NOV19-7000-P,140,1571195427380,1.0,1.0,0.038,sell,2,8157.03,72.97
2019-10-16 05:50:09.178,44987008,BTC-29NOV19-7000-P,141,1571205009178,1.5,1.5,0.0385,sell,0,8168.12,73.81
2019-10-16 06:23:17.389,44987597,BTC-29NOV19-7000-P,142,1571206997389,0.2,0.2,0.0385,sell,1,8171.34,73.93
2019-10-16 11:41:47.476,45013909,BTC-29NOV19-7000-P,143,1571226107476,0.1,0.1,0.0425,buy,0,8012.28,73.04
2019-10-16 12:30:37.667,45029693,BTC-29NOV19-7000-P,144,1571229037667,5.0,5.0,0.045,sell,0,7971.2,73.71
2019-10-16 12:49:20.509,45038862,BTC-29NOV19-7000-P,145,1571230160509,3.0,3.0,0.045,sell,1,7980.37,74.19
2019-10-16 12:49:20.509,45038863,BTC-29NOV19-7000-P,146,1571230160509,3.0,3.0,0.045,sell,1,7980.37,74.19
2019-10-16 12:51:10.300,45039164,BTC-29NOV19-7000-P,147,1571230270300,10.0,10.0,0.046,buy,0,7970.46,74.73
2019-10-16 13:02:15.830,45040949,BTC-29NOV19-7000-P,148,1571230935830,5.0,5.0,0.046,sell,1,7970.22,74.75
2019-10-16 13:03:09.578,45041102,BTC-29NOV19-7000-P,149,1571230989578,5.0,5.0,0.0455,sell,2,7975.34,74.47
2019-10-16 13:58:30.671,45045422,BTC-29NOV19-7000-P,150,1571234310671,1.0,1.0,0.043,sell,2,7991.2,72.75
2019-10-16 14:34:15.457,45048581,BTC-29NOV19-7000-P,151,1571236455457,0.1,0.1,0.043,buy,3,7958.48,71.55
2019-10-16 16:01:38.955,45057913,BTC-29NOV19-7000-P,152,1571241698955,0.5,0.5,0.0445,buy,0,7927.04,71.8
2019-10-16 19:06:47.551,45076993,BTC-29NOV19-7000-P,153,1571252807551,10.0,10.0,0.044,sell,2,7937.88,71.56
2019-10-16 22:19:15.107,45085371,BTC-29NOV19-7000-P,154,1571264355107,1.0,1.0,0.042,buy,2,7984.0,71.54
2019-10-17 01:17:25.523,45095286,BTC-29NOV19-7000-P,155,1571275045523,1.0,1.0,0.0445,buy,0,7968.65,73.36
2019-10-17 04:49:02.755,45101297,BTC-29NOV19-7000-P,156,1571287742755,0.2,0.2,0.043,buy,2,7944.27,71.19
2019-10-17 05:03:32.320,45102563,BTC-29NOV19-7000-P,157,1571288612320,0.1,0.1,0.0425,sell,2,7945.87,70.81
2019-10-17 05:22:19.263,45103417,BTC-29NOV19-7000-P,158,1571289739263,0.2,0.2,0.0425,sell,3,7951.96,71.11
2019-10-17 05:29:12.884,45103474,BTC-29NOV19-7000-P,159,1571290152884,1.5,1.5,0.043,sell,0,7951.71,71.56
2019-10-17 08:33:43.353,45118329,BTC-29NOV19-7000-P,160,1571301223353,10.0,10.0,0.04,buy,2,8058.22,72.7
2019-10-17 08:33:43.358,45118330,BTC-29NOV19-7000-P,161,1571301223358,10.0,10.0,0.04,sell,3,8058.22,72.7
2019-10-17 08:34:31.461,45118585,BTC-29NOV19-7000-P,162,1571301271461,10.0,10.0,0.0395,buy,2,8066.06,72.44
2019-10-17 08:34:31.817,45118586,BTC-29NOV19-7000-P,163,1571301271817,10.0,10.0,0.04,sell,0,8066.06,72.91
2019-10-17 08:34:44.524,45118625,BTC-29NOV19-7000-P,164,1571301284524,10.0,10.0,0.04,buy,1,8067.49,72.96
2019-10-17 08:34:49.011,45118640,BTC-29NOV19-7000-P,165,1571301289011,10.0,10.0,0.04,buy,1,8068.13,72.98
2019-10-17 08:35:41.117,45119258,BTC-29NOV19-7000-P,166,1571301341117,8.0,8.0,0.0405,buy,0,8052.91,72.95
2019-10-17 08:40:25.236,45119654,BTC-29NOV19-7000-P,167,1571301625236,2.0,2.0,0.0405,buy,1,8047.47,72.75
2019-10-17 08:44:50.905,45120255,BTC-29NOV19-7000-P,168,1571301890905,6.6000000000000005,6.6000000000000005,0.0405,buy,1,8053.02,72.98
2019-10-17 08:51:32.070,45120662,BTC-29NOV19-7000-P,169,1571302292070,10.0,10.0,0.041,buy,0,8038.24,72.97
2019-10-17 08:51:32.076,45120663,BTC-29NOV19-7000-P,170,1571302292076,10.0,10.0,0.041,sell,1,8038.24,72.97
2019-10-17 08:53:54.553,45120716,BTC-29NOV19-7000-P,171,1571302434553,4.5,4.5,0.041,buy,1,8039.05,73.03
2019-10-17 08:54:14.571,45120724,BTC-29NOV19-7000-P,172,1571302454571,10.0,10.0,0.041,sell,1,8037.74,72.99
2019-10-17 11:32:36.677,45135342,BTC-29NOV19-7000-P,173,1571311956677,2.0,2.0,0.038,buy,2,8090.23,71.87
2019-10-17 12:05:28.210,45137415,BTC-29NOV19-7000-P,174,1571313928210,2.0,2.0,0.0385,buy,0,8061.26,71.47
2019-10-17 12:51:58.713,45142192,BTC-29NOV19-7000-P,175,1571316718713,1.0,1.0,0.0405,buy,0,8039.63,72.75
2019-10-17 15:36:36.960,45150534,BTC-29NOV19-7000-P,176,1571326596960,10.0,10.0,0.039,sell,2,8084.72,73.02
2019-10-17 16:23:07.596,45154755,BTC-29NOV19-7000-P,177,1571329387596,10.0,10.0,0.038,sell,2,8122.8,73.25
