date_utc,tradeId,instrument,tradeSeq,timeStamp,quantity,amount,price,direction,tickDirection,indexPrice,iv
2019-10-06 18:38:19.853,43858796,BTC-29NOV19-6000-P,32,1570387099853,0.1,0.1,0.035,buy,0,7833.38,86.88
2019-10-07 11:06:45.866,43937164,BTC-29NOV19-6000-P,33,1570446405866,3.0,3.0,0.028999999999999998,buy,2,8027.23,86.86
2019-10-07 13:17:18.937,43954202,BTC-29NOV19-6000-P,34,1570454238937,3.0,3.0,0.0255,sell,2,8169.38,86.01
2019-10-07 14:56:51.494,43962084,BTC-29NOV19-6000-P,35,1570460211494,3.0,3.0,0.026000000000000002,sell,0,8170.07,86.86
2019-10-08 13:56:58.148,44064984,BTC-29NOV19-6000-P,36,1570543018148,10.0,10.0,0.025,sell,2,8211.77,87.69
2019-10-08 21:50:32.708,44114460,BTC-29NOV19-6000-P,37,1570571432708,0.2,0.2,0.026000000000000002,buy,0,8162.5,88.01
2019-10-08 22:11:25.939,44116840,BTC-29NOV19-6000-P,38,1570572685939,0.2,0.2,0.0235,sell,2,8182.88,85.38
2019-10-09 01:06:30.424,44143112,BTC-29NOV19-6000-P,39,1570583190424,8.0,8.0,0.0225,sell,2,8189.51,84.35
2019-10-09 01:28:46.638,44144086,BTC-29NOV19-6000-P,40,1570584526638,2.0,2.0,0.024,sell,0,8180.86,85.98
2019-10-09 01:37:12.089,44144453,BTC-29NOV19-6000-P,41,1570585032089,5.0,5.0,0.024,sell,1,8189.03,86.23
2019-10-09 02:06:12.560,44145745,BTC-29NOV19-6000-P,42,1570586772560,0.1,0.1,0.0245,buy,0,8165.17,86.3
2019-10-09 15:20:43.985,44254873,BTC-29NOV19-6000-P,43,1570634443985,2.5,2.5,0.0195,sell,2,8527.48,88.48
2019-10-09 15:20:44.095,44254876,BTC-29NOV19-6000-P,44,1570634444095,8.0,8.0,0.019,sell,2,8527.48,87.74
2019-10-09 15:35:50.072,44275282,BTC-29NOV19-6000-P,45,1570635350072,1.0,1.0,0.018000000000000002,sell,2,8580.35,87.32
2019-10-09 15:43:35.424,44277681,BTC-29NOV19-6000-P,46,1570635815424,1.0,1.0,0.0185,sell,0,8573.65,88.02
2019-10-09 16:00:12.923,44281545,BTC-29NOV19-6000-P,47,1570636812923,0.4,0.4,0.019,buy,0,8573.81,88.74
2019-10-09 16:07:50.820,44286528,BTC-29NOV19-6000-P,48,1570637270820,0.6,0.6,0.019,buy,1,8535.99,87.94
2019-10-09 18:54:11.154,44322933,BTC-29NOV19-6000-P,49,1570647251154,2.0,2.0,0.0185,sell,2,8619.15,88.93
2019-10-09 20:41:00.060,44328709,BTC-29NOV19-6000-P,50,1570653660060,0.1,0.1,0.019,buy,0,8630.97,90.01
2019-10-10 06:43:46.888,44357062,BTC-29NOV19-6000-P,51,1570689826888,0.3,0.3,0.018000000000000002,sell,2,8599.06,88.4
2019-10-10 12:51:21.026,44397127,BTC-29NOV19-6000-P,52,1570711881026,5.0,5.0,0.018000000000000002,sell,3,8484.51,86.0
2019-10-11 01:20:14.050,44459520,BTC-29NOV19-6000-P,53,1570756814050,0.1,0.1,0.0175,buy,2,8534.6,86.68
2019-10-11 03:24:50.641,44463842,BTC-29NOV19-6000-P,54,1570764290641,0.1,0.1,0.0175,sell,3,8562.61,87.39
2019-10-11 07:17:34.190,44563816,BTC-29NOV19-6000-P,55,1570778254190,1.0,1.0,0.019,buy,0,8424.42,86.71
2019-10-11 08:25:24.272,44581185,BTC-29NOV19-6000-P,56,1570782324272,4.0,4.0,0.0195,sell,0,8358.66,86.12
2019-10-11 08:46:57.921,44582763,BTC-29NOV19-6000-P,57,1570783617921,10.0,10.0,0.019,sell,2,8368.71,85.65
2019-10-11 09:26:14.388,44585307,BTC-29NOV19-6000-P,58,1570785974388,1.0,1.0,0.019,sell,3,8369.42,85.76
2019-10-11 09:56:53.456,44586213,BTC-29NOV19-6000-P,59,1570787813456,1.0,1.0,0.0195,buy,0,8356.18,86.22
2019-10-11 11:13:36.793,44591406,BTC-29NOV19-6000-P,60,1570792416793,5.0,5.0,0.0195,sell,1,8327.49,85.59
2019-10-11 11:16:55.041,44591678,BTC-29NOV19-6000-P,61,1570792615041,20.0,20.0,0.0195,sell,1,8326.57,85.59
2019-10-11 11:22:36.649,44592711,BTC-29NOV19-6000-P,62,1570792956649,0.1,0.1,0.02,buy,0,8293.55,85.51
2019-10-11 23:45:41.512,44642217,BTC-29NOV19-6000-P,63,1570837541512,0.2,0.2,0.0185,buy,2,8300.14,84.07
2019-10-12 01:37:45.315,44655273,BTC-29NOV19-6000-P,64,1570844265315,20.0,20.0,0.0175,sell,2,8303.41,82.88
2019-10-12 08:20:44.039,44666251,BTC-29NOV19-6000-P,65,1570868444039,0.2,0.2,0.018000000000000002,buy,0,8338.71,84.42
2019-10-12 15:54:39.274,44684818,BTC-29NOV19-6000-P,66,1570895679274,1.0,1.0,0.018000000000000002,sell,1,8391.4,85.72
2019-10-12 16:35:26.706,44688491,BTC-29NOV19-6000-P,67,1570898126706,0.2,0.2,0.0185,buy,0,8353.6,85.7
2019-10-12 16:35:26.706,44688492,BTC-29NOV19-6000-P,68,1570898126706,2.0,2.0,0.0185,buy,1,8353.6,85.7
2019-10-12 16:48:08.622,44688856,BTC-29NOV19-6000-P,69,1570898888622,1.8,1.8,0.018000000000000002,sell,2,8353.13,84.89
2019-10-13 05:22:16.416,44710006,BTC-29NOV19-6000-P,70,1570944136416,0.2,0.2,0.019,buy,0,8327.44,86.36
2019-10-13 08:58:12.945,44715060,BTC-29NOV19-6000-P,71,1570957092945,0.1,0.1,0.017,sell,2,8351.87,84.05
2019-10-13 10:47:43.601,44717913,BTC-29NOV19-6000-P,72,1570963663601,1.0,1.0,0.017,sell,3,8344.24,83.93
2019-10-13 20:16:23.638,44765430,BTC-29NOV19-6000-P,73,1570997783638,0.1,0.1,0.0185,buy,0,8234.29,83.99
2019-10-14 03:10:19.124,44798596,BTC-29NOV19-6000-P,74,1571022619124,0.1,0.1,0.017,sell,2,8305.18,83.82
2019-10-14 05:06:51.770,44800808,BTC-29NOV19-6000-P,75,1571029611770,0.1,0.1,0.017,sell,3,8282.09,83.41
2019-10-15 00:10:59.941,44873717,BTC-29NOV19-6000-P,76,1571098259941,20.0,20.0,0.015,buy,2,8365.06,82.9
2019-10-15 05:07:34.749,44887703,BTC-29NOV19-6000-P,77,1571116054749,0.1,0.1,0.014,sell,2,8332.36,80.75
2019-10-15 11:24:24.513,44903482,BTC-29NOV19-6000-P,78,1571138664513,0.1,0.1,0.016,buy,0,8295.61,83.4
2019-10-16 01:11:50.850,44981689,BTC-29NOV19-6000-P,79,1571188310850,0.1,0.1,0.0155,sell,2,8167.58,80.0
2019-10-16 04:38:13.901,44985972,BTC-29NOV19-6000-P,80,1571200693901,0.1,0.1,0.0155,sell,3,8170.18,80.29
2019-10-16 04:46:22.215,44986130,BTC-29NOV19-6000-P,81,1571201182215,5.0,5.0,0.016,buy,0,8167.13,80.93
2019-10-16 07:06:13.875,44989114,BTC-29NOV19-6000-P,82,1571209573875,15.0,15.0,0.016,buy,1,8149.94,80.58
2019-10-16 07:06:13.875,44989115,BTC-29NOV19-6000-P,83,1571209573875,4.0,4.0,0.016,buy,1,8149.94,80.58
2019-10-16 07:54:41.251,44991625,BTC-29NOV19-6000-P,84,1571212481251,2.0,2.0,0.0165,buy,0,8140.01,81.24
2019-10-16 09:44:02.079,44998997,BTC-29NOV19-6000-P,85,1571219042079,2.4,2.4,0.0175,buy,0,8121.76,82.47
2019-10-17 01:22:55.215,45095355,BTC-29NOV19-6000-P,86,1571275375215,8.0,8.0,0.0165,sell,2,7969.81,77.59
2019-10-17 10:23:27.028,45130405,BTC-29NOV19-6000-P,87,1571307807028,10.0,10.0,0.015,buy,2,8086.43,78.61
2019-10-17 13:39:40.399,45144823,BTC-29NOV19-6000-P,88,1571319580399,1.0,1.0,0.0155,buy,0,8063.99,79.05
