date_utc,tradeId,instrument,tradeSeq,timeStamp,quantity,amount,price,direction,tickDirection,indexPrice,iv
2019-10-06 10:32:40.248,43825366,BTC-25OCT19-8000-P,689,1570357960248,3.0,3.0,0.0735,buy,2,7923.71,75.33
2019-10-06 12:05:05.143,43829939,BTC-25OCT19-8000-P,690,1570363505143,0.6,0.6,0.066,sell,2,7979.78,71.52
2019-10-06 15:19:44.255,43842270,BTC-25OCT19-8000-P,691,1570375184255,0.5,0.5,0.0645,buy,2,8025.19,73.45
2019-10-06 18:39:22.020,43862736,BTC-25OCT19-8000-P,692,1570387162020,5.4,5.4,0.08,buy,0,7835.11,76.17
2019-10-06 18:47:33.576,43867527,BTC-25OCT19-8000-P,693,1570387653576,0.5,0.5,0.076,buy,2,7869.93,74.52
2019-10-06 19:13:03.457,43871110,BTC-25OCT19-8000-P,694,1570389183457,0.5,0.5,0.075,buy,2,7881.7,74.4
2019-10-06 19:14:43.822,43871268,BTC-25OCT19-8000-P,695,1570389283822,0.5,0.5,0.076,buy,0,7874.91,74.96
2019-10-06 20:06:11.094,43874013,BTC-25OCT19-8000-P,696,1570392371094,0.5,0.5,0.0745,buy,2,7883.59,74.02
2019-10-06 20:06:36.428,43874092,BTC-25OCT19-8000-P,697,1570392396428,0.1,0.1,0.08,buy,0,7882.81,80.12
2019-10-06 23:04:40.723,43883913,BTC-25OCT19-8000-P,698,1570403080723,2.5,2.5,0.08,sell,1,7859.31,78.63
2019-10-06 23:07:17.971,43883992,BTC-25OCT19-8000-P,699,1570403237971,1.0,1.0,0.081,buy,0,7861.83,79.93
2019-10-06 23:43:38.210,43888021,BTC-25OCT19-8000-P,700,1570405418210,10.0,10.0,0.0795,sell,2,7870.24,79.13
2019-10-07 00:09:45.107,43890622,BTC-25OCT19-8000-P,701,1570406985107,5.9,5.9,0.079,sell,2,7832.27,75.4
2019-10-07 00:18:28.290,43891722,BTC-25OCT19-8000-P,702,1570407508290,5.0,5.0,0.08,sell,0,7813.19,74.89
2019-10-07 00:18:34.142,43891726,BTC-25OCT19-8000-P,703,1570407514142,5.0,5.0,0.08,sell,1,7813.23,74.91
2019-10-07 00:19:09.168,43892090,BTC-25OCT19-8000-P,704,1570407549168,5.0,5.0,0.08,sell,1,7801.61,73.87
2019-10-07 00:19:53.570,43892260,BTC-25OCT19-8000-P,705,1570407593570,5.0,5.0,0.08,sell,1,7800.14,73.82
2019-10-07 00:20:44.019,43892520,BTC-25OCT19-8000-P,706,1570407644019,5.0,5.0,0.08,sell,1,7793.0,73.23
2019-10-07 00:20:52.419,43892572,BTC-25OCT19-8000-P,707,1570407652419,4.4,4.4,0.08,sell,1,7794.54,73.3
2019-10-07 00:20:52.421,43892573,BTC-25OCT19-8000-P,708,1570407652421,0.6,0.6,0.08,buy,1,7794.54,73.3
2019-10-07 00:22:13.722,43892886,BTC-25OCT19-8000-P,709,1570407733722,7.5,7.5,0.078,sell,2,7810.49,72.56
2019-10-07 00:22:13.722,43892887,BTC-25OCT19-8000-P,710,1570407733722,2.5,2.5,0.078,sell,3,7810.49,72.56
2019-10-07 02:21:41.296,43904645,BTC-25OCT19-8000-P,711,1570414901296,1.0,1.0,0.078,buy,3,7832.22,74.45
2019-10-07 03:10:15.505,43906745,BTC-25OCT19-8000-P,712,1570417815505,0.1,0.1,0.0735,sell,2,7878.13,73.37
2019-10-07 03:41:10.634,43910900,BTC-25OCT19-8000-P,713,1570419670634,0.1,0.1,0.073,buy,2,7891.47,73.95
2019-10-07 03:45:50.629,43911121,BTC-25OCT19-8000-P,714,1570419950629,0.1,0.1,0.0745,buy,0,7880.18,74.67
2019-10-07 03:47:37.162,43911273,BTC-25OCT19-8000-P,715,1570420057162,0.1,0.1,0.075,buy,0,7877.07,74.97
2019-10-07 04:11:42.868,43912110,BTC-25OCT19-8000-P,716,1570421502868,0.1,0.1,0.076,buy,0,7872.81,75.79
2019-10-07 05:27:43.197,43915424,BTC-25OCT19-8000-P,717,1570426063197,0.1,0.1,0.0835,buy,0,7823.07,80.14
2019-10-07 06:54:15.910,43918499,BTC-25OCT19-8000-P,718,1570431255910,0.1,0.1,0.077,sell,2,7835.57,74.05
2019-10-07 09:14:44.461,43927862,BTC-25OCT19-8000-P,719,1570439684461,1.0,1.0,0.07400000000000001,sell,2,7885.12,75.12
2019-10-07 09:15:10.368,43927863,BTC-25OCT19-8000-P,720,1570439710368,1.0,1.0,0.07400000000000001,sell,3,7884.27,75.07
2019-10-07 10:38:01.313,43935545,BTC-25OCT19-8000-P,721,1570444681313,0.1,0.1,0.069,buy,2,7999.38,78.79
2019-10-07 11:05:48.322,43937035,BTC-25OCT19-8000-P,722,1570446348322,5.0,5.0,0.063,buy,2,8019.97,73.52
2019-10-07 11:57:06.672,43939974,BTC-25OCT19-8000-P,723,1570449426672,0.1,0.1,0.0645,buy,0,7994.9,73.42
2019-10-07 12:35:40.102,43944349,BTC-25OCT19-8000-P,724,1570451740102,0.2,0.2,0.06,sell,2,8073.34,73.96
2019-10-07 12:37:23.993,43947572,BTC-25OCT19-8000-P,725,1570451843993,0.1,0.1,0.055,sell,2,8130.43,72.32
2019-10-07 13:05:26.780,43952600,BTC-25OCT19-8000-P,726,1570453526780,0.1,0.1,0.055,sell,3,8161.83,74.25
2019-10-07 13:19:56.698,43955181,BTC-25OCT19-8000-P,727,1570454396698,3.0,3.0,0.052000000000000005,buy,2,8193.97,72.87
2019-10-07 13:20:03.473,43955207,BTC-25OCT19-8000-P,728,1570454403473,0.2,0.2,0.0515,sell,2,8193.98,72.37
2019-10-07 14:13:36.405,43960058,BTC-25OCT19-8000-P,729,1570457616405,5.0,5.0,0.0525,buy,0,8159.09,71.47
2019-10-07 14:59:56.024,43962231,BTC-25OCT19-8000-P,730,1570460396024,0.5,0.5,0.0545,buy,0,8172.73,74.69
2019-10-07 15:14:36.818,43964017,BTC-25OCT19-8000-P,731,1570461276818,1.5,1.5,0.051,buy,2,8199.28,72.3
2019-10-07 15:16:17.619,43965052,BTC-25OCT19-8000-P,732,1570461377619,0.2,0.2,0.05,sell,2,8233.08,72.68
2019-10-07 15:23:36.576,43967443,BTC-25OCT19-8000-P,733,1570461816576,8.5,8.5,0.051,buy,0,8193.87,71.85
2019-10-07 15:56:54.569,43970342,BTC-25OCT19-8000-P,734,1570463814569,1.0,1.0,0.05,sell,2,8191.7,70.64
2019-10-07 17:02:29.726,43979854,BTC-25OCT19-8000-P,735,1570467749726,0.1,0.1,0.047,buy,2,8262.24,71.88
2019-10-07 17:23:34.266,43982338,BTC-25OCT19-8000-P,736,1570469014266,1.0,1.0,0.0485,buy,0,8271.73,74.27
2019-10-07 19:39:49.686,43992472,BTC-25OCT19-8000-P,737,1570477189686,0.1,0.1,0.0485,sell,1,8244.09,72.69
2019-10-07 20:06:21.061,43993558,BTC-25OCT19-8000-P,738,1570478781061,0.1,0.1,0.0465,sell,2,8242.24,70.34
2019-10-07 20:38:26.894,43995195,BTC-25OCT19-8000-P,739,1570480706894,0.1,0.1,0.0505,buy,0,8219.45,73.62
2019-10-07 20:39:48.371,43995288,BTC-25OCT19-8000-P,740,1570480788371,0.1,0.1,0.0485,sell,2,8216.32,71.0
2019-10-07 20:40:49.586,43995406,BTC-25OCT19-8000-P,741,1570480849586,0.1,0.1,0.051,buy,0,8211.59,73.61
2019-10-07 22:39:26.470,44000277,BTC-25OCT19-8000-P,742,1570487966470,2.0,2.0,0.05,sell,2,8226.84,73.54
2019-10-07 23:56:48.457,44003855,BTC-25OCT19-8000-P,743,1570492608457,6.0,6.0,0.0505,buy,0,8210.2,73.31
2019-10-08 02:06:16.124,44010512,BTC-25OCT19-8000-P,744,1570500376124,0.2,0.2,0.045,sell,2,8307.07,73.07
2019-10-08 04:12:17.501,44018098,BTC-25OCT19-8000-P,745,1570507937501,10.0,10.0,0.047,sell,0,8295.85,75.07
2019-10-08 04:15:22.246,44018223,BTC-25OCT19-8000-P,746,1570508122246,10.0,10.0,0.047,sell,1,8301.66,75.51
2019-10-08 05:33:23.363,44022064,BTC-25OCT19-8000-P,747,1570512803363,0.5,0.5,0.048,sell,0,8229.68,72.31
2019-10-08 05:36:51.559,44022104,BTC-25OCT19-8000-P,748,1570513011559,0.5,0.5,0.0505,buy,0,8229.08,75.26
2019-10-08 06:56:13.382,44023727,BTC-25OCT19-8000-P,749,1570517773382,0.2,0.2,0.049,sell,2,8246.27,74.72
2019-10-08 08:25:16.893,44030074,BTC-25OCT19-8000-P,750,1570523116893,0.2,0.2,0.0535,sell,0,8152.55,73.9
2019-10-08 11:01:01.884,44040539,BTC-25OCT19-8000-P,751,1570532461884,1.0,1.0,0.051,buy,2,8170.01,72.45
2019-10-08 13:28:02.783,44061232,BTC-25OCT19-8000-P,752,1570541282783,10.4,10.4,0.0475,buy,2,8216.42,71.57
2019-10-08 14:11:23.206,44066589,BTC-25OCT19-8000-P,753,1570543883206,9.6,9.6,0.0475,buy,3,8194.88,70.29
2019-10-08 16:51:36.063,44085019,BTC-25OCT19-8000-P,754,1570553496063,1.5,1.5,0.0495,sell,0,8183.34,72.12
2019-10-08 16:52:29.158,44085059,BTC-25OCT19-8000-P,755,1570553549158,8.5,8.5,0.0495,sell,1,8184.04,72.06
2019-10-08 16:55:06.758,44085231,BTC-25OCT19-8000-P,756,1570553706758,1.5,1.5,0.049,sell,2,8185.93,71.59
2019-10-08 17:12:55.465,44086597,BTC-25OCT19-8000-P,757,1570554775465,5.0,5.0,0.049,sell,3,8184.45,71.56
2019-10-08 17:12:58.766,44086631,BTC-25OCT19-8000-P,758,1570554778766,3.5,3.5,0.049,sell,3,8184.49,71.56
2019-10-08 17:19:15.289,44087062,BTC-25OCT19-8000-P,759,1570555155289,1.5,1.5,0.05,sell,0,8179.86,72.44
2019-10-08 17:19:18.449,44087063,BTC-25OCT19-8000-P,760,1570555158449,3.5,3.5,0.05,sell,1,8179.73,72.46
2019-10-08 17:20:22.788,44087087,BTC-25OCT19-8000-P,761,1570555222788,1.5,1.5,0.0495,sell,2,8179.5,71.83
2019-10-08 17:20:44.845,44087093,BTC-25OCT19-8000-P,762,1570555244845,3.5,3.5,0.0495,sell,3,8178.56,71.75
2019-10-08 17:47:21.787,44088319,BTC-25OCT19-8000-P,764,1570556841787,5.0,5.0,0.0495,buy,3,8181.6,72.0
2019-10-08 17:47:21.787,44088318,BTC-25OCT19-8000-P,763,1570556841787,10.0,10.0,0.0495,buy,3,8181.6,72.0
2019-10-08 17:48:27.407,44088434,BTC-25OCT19-8000-P,765,1570556907407,15.0,15.0,0.05,buy,0,8183.36,72.75
2019-10-08 17:59:22.721,44089094,BTC-25OCT19-8000-P,766,1570557562721,5.0,5.0,0.05,buy,1,8180.92,72.54
2019-10-08 18:00:21.987,44089157,BTC-25OCT19-8000-P,767,1570557621987,10.0,10.0,0.05,buy,1,8181.92,72.6
2019-10-09 07:18:44.495,44166950,BTC-25OCT19-8000-P,768,1570605524495,0.1,0.1,0.045,sell,2,8173.43,67.24
2019-10-09 07:22:26.235,44167291,BTC-25OCT19-8000-P,769,1570605746235,2.0,2.0,0.0455,buy,0,8173.04,67.82
2019-10-09 08:52:58.948,44175553,BTC-25OCT19-8000-P,770,1570611178948,5.0,5.0,0.0445,buy,2,8186.86,67.79
2019-10-09 09:16:10.450,44180444,BTC-25OCT19-8000-P,771,1570612570450,10.0,10.0,0.046,sell,0,8202.2,70.77
2019-10-09 09:16:27.747,44180556,BTC-25OCT19-8000-P,772,1570612587747,2.0,2.0,0.0465,buy,0,8201.13,71.27
2019-10-09 09:17:17.298,44180774,BTC-25OCT19-8000-P,773,1570612637298,10.0,10.0,0.047,buy,0,8197.52,71.64
2019-10-09 09:17:51.536,44180802,BTC-25OCT19-8000-P,775,1570612671536,6.0,6.0,0.0465,buy,3,8197.27,71.0
2019-10-09 09:17:51.536,44180801,BTC-25OCT19-8000-P,774,1570612671536,2.0,2.0,0.0465,buy,2,8197.27,71.0
2019-10-09 09:18:08.380,44180804,BTC-25OCT19-8000-P,776,1570612688380,2.0,2.0,0.0465,buy,3,8197.48,71.02
2019-10-09 09:19:07.263,44181084,BTC-25OCT19-8000-P,777,1570612747263,10.0,10.0,0.047,buy,0,8189.96,71.12
2019-10-09 09:20:22.862,44181159,BTC-25OCT19-8000-P,778,1570612822862,10.0,10.0,0.047,sell,1,8187.9,71.0
2019-10-09 09:21:36.048,44181278,BTC-25OCT19-8000-P,779,1570612896048,3.2,3.2,0.048,buy,0,8188.96,72.3
2019-10-09 09:30:45.026,44181917,BTC-25OCT19-8000-P,780,1570613445026,2.2,2.2,0.0465,sell,2,8202.47,71.28
2019-10-09 09:31:58.849,44182134,BTC-25OCT19-8000-P,781,1570613518849,5.0,5.0,0.046,sell,2,8200.92,70.62
2019-10-09 13:55:25.065,44201208,BTC-25OCT19-8000-P,782,1570629325065,2.5,2.5,0.0445,sell,2,8214.16,70.09
2019-10-09 13:59:16.088,44202245,BTC-25OCT19-8000-P,783,1570629556088,7.5,7.5,0.0445,sell,3,8236.87,71.61
2019-10-09 14:06:12.253,44207007,BTC-25OCT19-8000-P,785,1570629972253,10.0,10.0,0.042,sell,3,8295.39,72.17
2019-10-09 14:06:12.253,44207006,BTC-25OCT19-8000-P,784,1570629972253,8.0,8.0,0.042,sell,2,8295.39,72.17
2019-10-09 14:19:13.328,44213219,BTC-25OCT19-8000-P,786,1570630753328,0.2,0.2,0.0405,sell,2,8319.76,71.84
2019-10-09 14:19:13.328,44213220,BTC-25OCT19-8000-P,787,1570630753328,0.5,0.5,0.0405,sell,3,8319.76,71.84
2019-10-09 14:19:17.962,44213694,BTC-25OCT19-8000-P,788,1570630757962,0.1,0.1,0.04,sell,2,8330.78,71.79
2019-10-09 14:20:30.019,44219047,BTC-25OCT19-8000-P,789,1570630830019,0.2,0.2,0.035,sell,2,8431.88,71.52
2019-10-09 14:28:28.580,44227186,BTC-25OCT19-8000-P,790,1570631308580,0.1,0.1,0.0365,sell,0,8407.52,71.95
2019-10-09 14:36:08.922,44230014,BTC-25OCT19-8000-P,791,1570631768922,1.0,1.0,0.033,sell,2,8432.4,68.76
2019-10-09 14:52:56.106,44239372,BTC-25OCT19-8000-P,792,1570632776106,1.0,1.0,0.035,sell,0,8435.04,71.6
2019-10-09 14:56:15.267,44240187,BTC-25OCT19-8000-P,793,1570632975267,1.0,1.0,0.0355,sell,0,8442.3,72.68
2019-10-09 15:24:22.287,44259358,BTC-25OCT19-8000-P,794,1570634662287,1.9,1.9,0.0315,sell,2,8558.52,73.66
2019-10-09 15:24:24.482,44259406,BTC-25OCT19-8000-P,795,1570634664482,1.1,1.1,0.0315,sell,3,8558.37,73.77
2019-10-09 15:25:36.983,44261259,BTC-25OCT19-8000-P,796,1570634736983,3.0,3.0,0.0315,sell,3,8574.53,74.47
2019-10-09 15:25:46.674,44262514,BTC-25OCT19-8000-P,797,1570634746674,0.2,0.2,0.03,sell,2,8605.41,74.25
2019-10-09 15:26:13.356,44265230,BTC-25OCT19-8000-P,798,1570634773356,0.5,0.5,0.026,sell,2,8670.58,71.73
2019-10-09 15:38:29.450,44276226,BTC-25OCT19-8000-P,799,1570635509450,1.0,1.0,0.0315,buy,0,8582.48,75.1
2019-10-09 15:38:57.900,44276388,BTC-25OCT19-8000-P,800,1570635537900,1.0,1.0,0.032,sell,0,8575.32,75.37
2019-10-09 15:39:11.932,44276432,BTC-25OCT19-8000-P,801,1570635551932,1.0,1.0,0.032,sell,1,8572.08,75.19
2019-10-09 15:39:49.016,44276619,BTC-25OCT19-8000-P,802,1570635589016,1.0,1.0,0.032,buy,1,8576.82,75.52
2019-10-09 15:40:00.564,44276624,BTC-25OCT19-8000-P,803,1570635600564,1.0,1.0,0.032,buy,1,8577.61,75.56
2019-10-09 15:43:51.563,44277707,BTC-25OCT19-8000-P,804,1570635831563,0.5,0.5,0.0325,buy,0,8574.15,76.08
2019-10-09 16:01:18.683,44282082,BTC-25OCT19-8000-P,805,1570636878683,1.0,1.0,0.03,sell,2,8596.32,73.78
2019-10-09 16:26:50.048,44292764,BTC-25OCT19-8000-P,806,1570638410048,24.0,24.0,0.0285,sell,2,8604.23,72.07
2019-10-09 16:26:50.048,44292765,BTC-25OCT19-8000-P,807,1570638410048,5.0,5.0,0.0285,sell,3,8604.23,72.07
2019-10-09 16:26:50.064,44292766,BTC-25OCT19-8000-P,808,1570638410064,14.0,14.0,0.0285,buy,3,8604.23,72.07
2019-10-09 16:29:07.022,44293398,BTC-25OCT19-8000-P,809,1570638547022,5.0,5.0,0.029,buy,0,8597.16,72.36
2019-10-09 16:29:34.233,44293452,BTC-25OCT19-8000-P,810,1570638574233,6.0,6.0,0.0285,sell,2,8594.21,71.53
2019-10-09 16:29:34.237,44293453,BTC-25OCT19-8000-P,811,1570638574237,10.6,10.6,0.0285,buy,3,8594.21,71.53
2019-10-09 16:29:40.454,44293462,BTC-25OCT19-8000-P,812,1570638580454,10.7,10.7,0.0285,buy,3,8596.52,71.56
2019-10-09 16:29:43.819,44293464,BTC-25OCT19-8000-P,813,1570638583819,4.7,4.7,0.0285,buy,3,8597.58,71.62
2019-10-09 16:46:33.693,44299493,BTC-25OCT19-8000-P,814,1570639593693,1.0,1.0,0.031,buy,0,8598.88,75.28
2019-10-09 16:47:14.986,44299609,BTC-25OCT19-8000-P,815,1570639634986,1.0,1.0,0.031,buy,1,8596.78,75.2
2019-10-09 17:17:39.440,44303839,BTC-25OCT19-8000-P,816,1570641459440,2.8000000000000003,2.8000000000000003,0.0295,buy,2,8617.82,74.23
2019-10-09 17:47:48.607,44307395,BTC-25OCT19-8000-P,817,1570643268607,2.0,2.0,0.0265,sell,2,8615.21,69.85
2019-10-09 18:06:00.895,44315295,BTC-25OCT19-8000-P,818,1570644360895,0.3,0.3,0.028,buy,0,8647.0,73.73
2019-10-09 18:16:26.483,44318199,BTC-25OCT19-8000-P,819,1570644986483,4.0,4.0,0.0255,sell,2,8659.95,70.76
2019-10-09 19:00:06.905,44323159,BTC-25OCT19-8000-P,820,1570647606905,1.0,1.0,0.027000000000000003,sell,0,8615.19,70.64
2019-10-09 19:03:24.307,44323323,BTC-25OCT19-8000-P,821,1570647804307,25.0,25.0,0.0265,buy,2,8614.56,69.87
2019-10-09 20:57:43.041,44329790,BTC-25OCT19-8000-P,822,1570654663041,5.0,5.0,0.0285,buy,0,8598.55,72.13
2019-10-09 21:27:05.705,44330933,BTC-25OCT19-8000-P,823,1570656425705,6.0,6.0,0.0295,buy,0,8597.15,73.56
2019-10-10 01:10:49.065,44346364,BTC-25OCT19-8000-P,824,1570669849065,10.0,10.0,0.028,sell,2,8570.99,70.38
2019-10-10 01:12:28.298,44346424,BTC-25OCT19-8000-P,825,1570669948298,2.5,2.5,0.028,buy,3,8567.96,70.24
2019-10-10 04:18:03.876,44353703,BTC-25OCT19-8000-P,826,1570681083876,7.0,7.0,0.0285,sell,0,8592.03,72.61
2019-10-10 04:59:45.419,44354726,BTC-25OCT19-8000-P,827,1570683585419,0.3,0.3,0.028,sell,2,8588.38,71.74
2019-10-10 05:52:11.503,44355674,BTC-25OCT19-8000-P,828,1570686731503,0.2,0.2,0.028,sell,3,8574.26,71.08
2019-10-10 06:30:09.520,44356452,BTC-25OCT19-8000-P,830,1570689009520,3.0,3.0,0.028,sell,3,8586.03,71.85
2019-10-10 06:30:09.520,44356451,BTC-25OCT19-8000-P,829,1570689009520,2.5,2.5,0.028,sell,3,8586.03,71.85
2019-10-10 06:33:02.444,44356846,BTC-25OCT19-8000-P,831,1570689182444,1.0,1.0,0.028,buy,3,8599.96,72.61
2019-10-10 07:38:45.895,44360140,BTC-25OCT19-8000-P,832,1570693125895,0.2,0.2,0.0245,sell,2,8649.66,70.1
2019-10-10 08:34:02.262,44365375,BTC-25OCT19-8000-P,833,1570696442262,0.1,0.1,0.0255,buy,0,8583.54,68.23
2019-10-10 08:36:22.641,44365759,BTC-25OCT19-8000-P,834,1570696582641,1.9,1.9,0.0255,buy,1,8583.36,68.28
2019-10-10 08:36:22.641,44365760,BTC-25OCT19-8000-P,835,1570696582641,0.1,0.1,0.0255,buy,1,8583.36,68.28
2019-10-10 08:56:09.847,44368078,BTC-25OCT19-8000-P,836,1570697769847,0.3,0.3,0.027000000000000003,buy,0,8568.87,69.66
2019-10-10 09:46:31.049,44375055,BTC-25OCT19-8000-P,837,1570700791049,2.0,2.0,0.028,buy,0,8519.01,68.51
2019-10-10 10:01:49.559,44377712,BTC-25OCT19-8000-P,838,1570701709559,2.0,2.0,0.028,buy,1,8516.76,68.34
2019-10-10 10:01:58.108,44377851,BTC-25OCT19-8000-P,839,1570701718108,10.7,10.7,0.028,buy,1,8516.03,68.31
2019-10-10 10:02:00.398,44377998,BTC-25OCT19-8000-P,840,1570701720398,0.6,0.6,0.028,buy,1,8512.88,68.29
2019-10-10 10:02:01.576,44378051,BTC-25OCT19-8000-P,841,1570701721576,0.3,0.3,0.028,buy,1,8510.27,68.12
2019-10-10 10:02:01.682,44378052,BTC-25OCT19-8000-P,842,1570701721682,0.1,0.1,0.028,buy,1,8510.27,68.12
2019-10-10 10:02:03.138,44378063,BTC-25OCT19-8000-P,843,1570701723138,2.3000000000000003,2.3000000000000003,0.028,buy,1,8509.35,67.96
2019-10-10 12:39:17.071,44392635,BTC-25OCT19-8000-P,844,1570711157071,0.1,0.1,0.029,buy,0,8472.63,67.73
2019-10-10 15:40:36.070,44411928,BTC-25OCT19-8000-P,845,1570722036070,2.0,2.0,0.026,sell,2,8545.05,67.56
2019-10-10 16:43:03.358,44420135,BTC-25OCT19-8000-P,846,1570725783358,0.5,0.5,0.0275,buy,0,8542.63,69.68
2019-10-10 16:43:03.358,44420136,BTC-25OCT19-8000-P,847,1570725783358,0.5,0.5,0.028,buy,0,8542.63,70.41
2019-10-10 16:43:37.714,44420147,BTC-25OCT19-8000-P,848,1570725817714,1.0,1.0,0.0285,buy,0,8543.12,71.08
2019-10-10 16:45:05.895,44420161,BTC-25OCT19-8000-P,849,1570725905895,100.0,100.0,0.0275,sell,2,8544.74,69.78
2019-10-10 18:53:03.405,44427086,BTC-25OCT19-8000-P,850,1570733583405,10.0,10.0,0.026,buy,2,8556.17,68.48
2019-10-10 19:15:30.518,44428296,BTC-25OCT19-8000-P,851,1570734930518,7.0,7.0,0.0255,buy,2,8562.64,68.1
2019-10-10 19:44:36.721,44429365,BTC-25OCT19-8000-P,852,1570736676721,5.0,5.0,0.025,sell,2,8567.25,67.56
2019-10-10 20:12:45.641,44431782,BTC-25OCT19-8000-P,853,1570738365641,0.1,0.1,0.024,sell,2,8592.05,67.41
2019-10-10 20:42:30.049,44435186,BTC-25OCT19-8000-P,854,1570740150049,0.1,0.1,0.0275,buy,0,8568.26,71.38
2019-10-10 21:13:34.075,44437267,BTC-25OCT19-8000-P,855,1570742014075,0.1,0.1,0.025,sell,2,8596.83,69.21
2019-10-11 03:20:34.264,44463127,BTC-25OCT19-8000-P,856,1570764034264,0.1,0.1,0.0275,buy,0,8548.72,70.97
2019-10-11 04:41:37.447,44467644,BTC-25OCT19-8000-P,857,1570768897447,3.0,3.0,0.025,sell,2,8584.6,69.33
2019-10-11 04:43:55.199,44468454,BTC-25OCT19-8000-P,859,1570769035199,1.5,1.5,0.025,sell,3,8599.06,70.1
2019-10-11 04:43:55.199,44468453,BTC-25OCT19-8000-P,858,1570769035199,1.0,1.0,0.025,sell,3,8599.06,70.1
2019-10-11 04:43:57.394,44468472,BTC-25OCT19-8000-P,860,1570769037394,2.5,2.5,0.025,sell,3,8603.8,70.4
2019-10-11 04:53:47.135,44482298,BTC-25OCT19-8000-P,861,1570769627135,1.5,1.5,0.0215,buy,2,8734.95,71.58
2019-10-11 05:15:44.167,44499000,BTC-25OCT19-8000-P,862,1570770944167,0.1,0.1,0.0245,buy,0,8623.0,70.88
2019-10-11 05:17:04.282,44503400,BTC-25OCT19-8000-P,863,1570771024282,10.0,10.0,0.028,buy,0,8530.79,71.01
2019-10-11 05:17:17.209,44504775,BTC-25OCT19-8000-P,864,1570771037209,0.5,0.5,0.0295,buy,0,8504.02,71.84
2019-10-11 11:22:28.999,44592409,BTC-25OCT19-8000-P,865,1570792948999,0.6,0.6,0.035,buy,0,8306.43,68.1
2019-10-11 11:50:54.009,44596429,BTC-25OCT19-8000-P,866,1570794654009,0.9,0.9,0.0345,buy,2,8317.16,68.06
2019-10-11 11:54:12.986,44596657,BTC-25OCT19-8000-P,867,1570794852986,2.1,2.1,0.0345,buy,3,8311.42,67.62
2019-10-11 14:06:33.252,44605659,BTC-25OCT19-8000-P,868,1570802793252,10.0,10.0,0.0335,sell,2,8331.52,67.77
2019-10-11 15:35:43.767,44612741,BTC-25OCT19-8000-P,869,1570808143767,0.1,0.1,0.033,sell,2,8331.39,67.23
2019-10-11 15:35:56.263,44612744,BTC-25OCT19-8000-P,870,1570808156263,0.9,0.9,0.033,sell,3,8333.08,67.32
2019-10-11 15:51:48.575,44613445,BTC-25OCT19-8000-P,871,1570809108575,3.0,3.0,0.032,buy,2,8349.57,67.0
2019-10-11 16:08:02.442,44615178,BTC-25OCT19-8000-P,872,1570810082442,2.0,2.0,0.0325,buy,0,8327.42,66.3
2019-10-11 16:08:02.442,44615179,BTC-25OCT19-8000-P,873,1570810082442,2.0,2.0,0.0325,buy,1,8327.42,66.3
2019-10-11 16:50:02.486,44622665,BTC-25OCT19-8000-P,874,1570812602486,4.0,4.0,0.032,buy,2,8334.42,66.39
2019-10-11 18:18:05.094,44629122,BTC-25OCT19-8000-P,875,1570817885094,0.3,0.3,0.032,sell,3,8349.54,67.47
2019-10-11 18:37:10.862,44630266,BTC-25OCT19-8000-P,876,1570819030862,0.5,0.5,0.033,buy,0,8316.14,66.74
2019-10-11 18:37:10.862,44630267,BTC-25OCT19-8000-P,877,1570819030862,0.5,0.5,0.033,buy,1,8316.14,66.74
2019-10-11 19:51:38.658,44632924,BTC-25OCT19-8000-P,878,1570823498658,2.0,2.0,0.032,buy,2,8339.41,67.0
2019-10-11 22:42:02.638,44639784,BTC-25OCT19-8000-P,879,1570833722638,0.1,0.1,0.031,sell,2,8347.69,66.31
2019-10-11 23:46:53.014,44643111,BTC-25OCT19-8000-P,880,1570837613014,0.5,0.5,0.033,buy,0,8279.09,65.31
2019-10-11 23:55:01.868,44648168,BTC-25OCT19-8000-P,881,1570838101868,0.5,0.5,0.037000000000000005,buy,0,8263.34,69.29
2019-10-11 23:58:17.216,44648544,BTC-25OCT19-8000-P,882,1570838297216,0.5,0.5,0.036000000000000004,buy,2,8274.5,68.72
2019-10-12 01:28:41.956,44654963,BTC-25OCT19-8000-P,883,1570843721956,0.1,0.1,0.031,sell,2,8296.73,63.4
2019-10-12 01:42:58.048,44655509,BTC-25OCT19-8000-P,884,1570844578048,1.8,1.8,0.031,sell,3,8313.47,64.48
2019-10-12 07:48:03.261,44665766,BTC-25OCT19-8000-P,885,1570866483261,13.0,13.0,0.032,buy,0,8345.9,68.43
2019-10-12 07:48:03.263,44665767,BTC-25OCT19-8000-P,886,1570866483263,7.0,7.0,0.032,sell,1,8345.9,68.43
2019-10-12 07:48:21.029,44665775,BTC-25OCT19-8000-P,887,1570866501029,20.0,20.0,0.0325,buy,0,8347.72,69.37
2019-10-12 07:49:16.433,44665800,BTC-25OCT19-8000-P,888,1570866556433,0.1,0.1,0.033,buy,0,8348.36,70.13
2019-10-12 07:49:16.435,44665801,BTC-25OCT19-8000-P,889,1570866556435,9.9,9.9,0.033,sell,1,8348.36,70.13
2019-10-12 07:49:22.142,44665802,BTC-25OCT19-8000-P,890,1570866562142,13.0,13.0,0.0335,buy,0,8348.26,70.84
2019-10-12 07:49:22.143,44665803,BTC-25OCT19-8000-P,891,1570866562143,17.0,17.0,0.0335,sell,1,8348.26,70.84
2019-10-12 07:50:17.232,44665805,BTC-25OCT19-8000-P,892,1570866617232,24.0,24.0,0.034,buy,0,8348.39,71.57
2019-10-12 07:50:35.250,44665811,BTC-25OCT19-8000-P,893,1570866635250,16.0,16.0,0.036000000000000004,buy,0,8348.17,74.41
2019-10-12 07:52:41.990,44665887,BTC-25OCT19-8000-P,894,1570866761990,9.0,9.0,0.035,sell,2,8343.38,72.67
2019-10-12 08:05:24.183,44666010,BTC-25OCT19-8000-P,895,1570867524183,0.1,0.1,0.0325,sell,2,8350.46,69.58
2019-10-12 08:11:10.787,44666050,BTC-25OCT19-8000-P,896,1570867870787,5.0,5.0,0.0325,sell,3,8350.49,69.57
2019-10-12 08:17:46.323,44666138,BTC-25OCT19-8000-P,897,1570868266323,10.0,10.0,0.0355,buy,0,8345.16,73.54
2019-10-12 08:59:55.627,44666715,BTC-25OCT19-8000-P,898,1570870795627,10.6,10.6,0.033,sell,2,8352.06,70.4
2019-10-12 09:05:13.322,44666792,BTC-25OCT19-8000-P,899,1570871113322,13.0,13.0,0.0345,buy,0,8356.93,72.86
2019-10-12 09:05:13.322,44666793,BTC-25OCT19-8000-P,900,1570871113322,0.3,0.3,0.0345,buy,1,8356.93,72.86
2019-10-12 09:06:32.677,44666874,BTC-25OCT19-8000-P,901,1570871192677,9.4,9.4,0.033,sell,2,8358.28,70.82
2019-10-12 09:17:44.996,44667418,BTC-25OCT19-8000-P,902,1570871864996,10.0,10.0,0.0325,sell,2,8370.57,70.96
2019-10-12 12:56:03.300,44674476,BTC-25OCT19-8000-P,903,1570884963300,10.0,10.0,0.033,sell,0,8341.04,70.07
2019-10-12 12:56:26.614,44674503,BTC-25OCT19-8000-P,904,1570884986614,6.0,6.0,0.033,sell,1,8344.54,70.33
2019-10-12 13:27:06.808,44675353,BTC-25OCT19-8000-P,905,1570886826808,2.0,2.0,0.034,buy,0,8346.51,71.98
2019-10-12 14:49:20.513,44677325,BTC-25OCT19-8000-P,906,1570891760513,4.9,4.9,0.0325,sell,2,8348.87,70.15
2019-10-12 14:49:20.513,44677326,BTC-25OCT19-8000-P,907,1570891760513,5.3,5.3,0.0325,sell,3,8348.87,70.15
2019-10-12 14:49:27.282,44677457,BTC-25OCT19-8000-P,908,1570891767282,0.7000000000000001,0.7000000000000001,0.0325,sell,3,8350.68,70.3
2019-10-12 14:49:28.611,44677544,BTC-25OCT19-8000-P,909,1570891768611,0.8,0.8,0.0325,sell,3,8356.79,70.48
2019-10-12 14:49:29.697,44677574,BTC-25OCT19-8000-P,910,1570891769697,0.6,0.6,0.0325,sell,3,8357.19,70.71
2019-10-12 14:49:45.704,44677749,BTC-25OCT19-8000-P,911,1570891785704,10.1,10.1,0.0325,sell,3,8362.93,71.11
2019-10-12 14:49:51.909,44677757,BTC-25OCT19-8000-P,912,1570891791909,0.3,0.3,0.0325,sell,3,8363.48,71.12
2019-10-12 14:51:01.829,44678001,BTC-25OCT19-8000-P,913,1570891861829,2.2,2.2,0.0325,sell,3,8371.18,71.49
2019-10-12 14:56:30.574,44679077,BTC-25OCT19-8000-P,914,1570892190574,6.0,6.0,0.032,sell,2,8384.09,71.67
2019-10-12 14:56:31.770,44679178,BTC-25OCT19-8000-P,915,1570892191770,14.0,14.0,0.032,sell,3,8385.44,71.76
2019-10-12 14:58:05.493,44680578,BTC-25OCT19-8000-P,916,1570892285493,2.2,2.2,0.0285,sell,2,8392.85,67.09
2019-10-12 14:59:35.160,44681005,BTC-25OCT19-8000-P,917,1570892375160,3.5,3.5,0.029,buy,0,8399.26,68.25
2019-10-12 17:00:06.957,44689447,BTC-25OCT19-8000-P,918,1570899606957,4.2,4.2,0.032,sell,0,8343.4,69.34
2019-10-12 17:00:13.860,44689460,BTC-25OCT19-8000-P,919,1570899613860,0.8,0.8,0.032,sell,1,8343.46,69.32
2019-10-12 23:04:50.819,44700373,BTC-25OCT19-8000-P,920,1570921490819,5.2,5.2,0.0315,sell,2,8334.94,68.74
2019-10-12 23:05:17.391,44700408,BTC-25OCT19-8000-P,921,1570921517391,4.8,4.8,0.0315,sell,3,8336.0,68.82
2019-10-13 04:27:48.520,44709092,BTC-25OCT19-8000-P,922,1570940868520,1.0,1.0,0.031,sell,2,8349.1,69.58
2019-10-13 04:28:14.477,44709100,BTC-25OCT19-8000-P,923,1570940894477,1.0,1.0,0.0305,sell,2,8348.97,68.82
2019-10-13 04:28:52.930,44709104,BTC-25OCT19-8000-P,924,1570940932930,1.0,1.0,0.031,sell,0,8348.81,69.52
2019-10-13 04:29:19.795,44709106,BTC-25OCT19-8000-P,925,1570940959795,2.0,2.0,0.031,sell,1,8347.63,69.44
2019-10-13 07:00:46.940,44711566,BTC-25OCT19-8000-P,926,1570950046940,1.0,1.0,0.033,buy,0,8315.87,70.64
2019-10-13 07:02:24.367,44711574,BTC-25OCT19-8000-P,927,1570950144367,1.0,1.0,0.0335,sell,0,8315.54,71.38
2019-10-13 07:08:18.731,44711863,BTC-25OCT19-8000-P,928,1570950498731,0.5,0.5,0.0325,sell,2,8330.4,70.9
2019-10-13 07:41:58.925,44712953,BTC-25OCT19-8000-P,929,1570952518925,5.0,5.0,0.0335,buy,0,8330.63,72.46
2019-10-13 08:35:54.049,44713933,BTC-25OCT19-8000-P,930,1570955754049,1.0,1.0,0.0325,buy,2,8343.4,71.93
2019-10-13 08:51:52.013,44714939,BTC-25OCT19-8000-P,931,1570956712013,0.1,0.1,0.031,sell,2,8354.81,70.46
2019-10-13 10:20:17.755,44717305,BTC-25OCT19-8000-P,932,1570962017755,0.4,0.4,0.031,sell,3,8359.04,70.9
2019-10-13 10:21:41.702,44717346,BTC-25OCT19-8000-P,933,1570962101702,1.6,1.6,0.031,buy,3,8360.3,71.02
2019-10-13 10:27:05.861,44717534,BTC-25OCT19-8000-P,934,1570962425861,3.0,3.0,0.033,buy,0,8350.23,73.36
2019-10-13 10:30:47.012,44717560,BTC-25OCT19-8000-P,935,1570962647012,1.0,1.0,0.0325,sell,2,8349.89,72.61
2019-10-13 10:30:51.377,44717562,BTC-25OCT19-8000-P,936,1570962651377,1.0,1.0,0.0325,sell,3,8349.89,72.61
2019-10-13 11:16:13.520,44718291,BTC-25OCT19-8000-P,937,1570965373520,3.0,3.0,0.033,buy,0,8351.96,73.55
2019-10-13 11:39:46.224,44720195,BTC-25OCT19-8000-P,938,1570966786224,5.0,5.0,0.031,buy,2,8390.22,73.18
2019-10-13 11:39:46.227,44720196,BTC-25OCT19-8000-P,939,1570966786227,5.0,5.0,0.031,sell,3,8390.22,73.18
2019-10-13 11:41:57.999,44720553,BTC-25OCT19-8000-P,940,1570966917999,2.0,2.0,0.031,sell,3,8388.34,73.02
2019-10-13 11:44:42.916,44720857,BTC-25OCT19-8000-P,941,1570967082916,5.0,5.0,0.032,sell,0,8370.62,73.37
2019-10-13 11:50:23.273,44721450,BTC-25OCT19-8000-P,942,1570967423273,0.1,0.1,0.033,buy,0,8357.97,74.0
2019-10-13 12:08:56.585,44722594,BTC-25OCT19-8000-P,943,1570968536585,2.0,2.0,0.032,sell,2,8374.83,73.66
2019-10-13 12:17:13.477,44722897,BTC-25OCT19-8000-P,944,1570969033477,1.0,1.0,0.032,sell,3,8378.91,73.9
2019-10-13 12:17:38.107,44722903,BTC-25OCT19-8000-P,945,1570969058107,0.1,0.1,0.0295,sell,2,8378.81,70.06
2019-10-13 12:20:24.812,44723104,BTC-25OCT19-8000-P,946,1570969224812,2.0,2.0,0.032,buy,0,8388.69,74.61
2019-10-13 12:46:56.032,44728294,BTC-25OCT19-8000-P,947,1570970816032,0.1,0.1,0.031,buy,2,8419.59,75.18
2019-10-13 12:50:41.431,44729031,BTC-25OCT19-8000-P,948,1570971041431,9.9,9.9,0.0295,sell,2,8429.74,73.15
2019-10-13 13:38:22.653,44734270,BTC-25OCT19-8000-P,949,1570973902653,2.0,2.0,0.0295,sell,3,8439.8,74.27
2019-10-13 14:04:36.391,44737099,BTC-25OCT19-8000-P,950,1570975476391,10.0,10.0,0.0315,buy,0,8405.76,75.22
2019-10-13 14:40:58.216,44739433,BTC-25OCT19-8000-P,951,1570977658216,6.0,6.0,0.0285,buy,2,8431.25,72.34
2019-10-13 14:40:58.216,44739434,BTC-25OCT19-8000-P,952,1570977658216,10.0,10.0,0.0285,buy,3,8431.25,72.34
2019-10-13 14:42:02.059,44739514,BTC-25OCT19-8000-P,953,1570977722059,2.0,2.0,0.0285,buy,3,8435.94,72.63
2019-10-13 15:05:25.327,44740566,BTC-25OCT19-8000-P,954,1570979125327,5.0,5.0,0.0275,sell,2,8439.09,71.29
2019-10-13 16:10:37.871,44743033,BTC-25OCT19-8000-P,955,1570983037871,2.0,2.0,0.0275,sell,3,8439.52,71.43
2019-10-13 16:10:40.066,44743035,BTC-25OCT19-8000-P,956,1570983040066,2.0,2.0,0.0275,sell,3,8439.7,71.54
2019-10-13 17:18:56.470,44748092,BTC-25OCT19-8000-P,957,1570987136470,10.0,10.0,0.026,sell,2,8446.7,69.76
2019-10-13 17:18:56.470,44748093,BTC-25OCT19-8000-P,958,1570987136470,5.0,5.0,0.026,sell,3,8446.7,69.76
2019-10-13 17:20:06.358,44748112,BTC-25OCT19-8000-P,961,1570987206358,2.0,2.0,0.025,sell,3,8447.78,68.23
2019-10-13 17:20:06.358,44748110,BTC-25OCT19-8000-P,959,1570987206358,24.0,24.0,0.025,sell,2,8447.78,68.23
2019-10-13 17:20:06.358,44748111,BTC-25OCT19-8000-P,960,1570987206358,14.0,14.0,0.025,sell,3,8447.78,68.23
2019-10-13 20:08:13.114,44753790,BTC-25OCT19-8000-P,962,1570997293114,0.5,0.5,0.026,buy,0,8399.0,66.99
2019-10-13 20:09:20.114,44755046,BTC-25OCT19-8000-P,963,1570997360114,0.1,0.1,0.03,buy,0,8363.77,71.36
2019-10-13 20:16:23.664,44765431,BTC-25OCT19-8000-P,964,1570997783664,0.4,0.4,0.033,buy,0,8234.29,66.39
2019-10-13 22:15:54.522,44785728,BTC-25OCT19-8000-P,965,1571004954522,5.0,5.0,0.032,sell,2,8277.63,68.3
2019-10-14 00:03:19.224,44792862,BTC-25OCT19-8000-P,966,1571011399224,0.1,0.1,0.0315,buy,2,8265.23,67.0
2019-10-14 00:09:26.009,44793264,BTC-25OCT19-8000-P,967,1571011766009,0.1,0.1,0.033,buy,0,8260.44,68.94
