date_utc,tradeId,instrument,tradeSeq,timeStamp,quantity,amount,price,direction,tickDirection,indexPrice,iv
2019-10-09 09:07:06.882,44178945,BTC-18OCT19-9000-P,3,1570612026882,0.1,0.1,0.1035,sell,2,8207.15,57.8
2019-10-09 16:07:55.948,44286655,BTC-18OCT19-9000-P,4,1570637275948,0.4,0.4,0.076,sell,2,8530.24,69.04
2019-10-09 19:02:51.602,44323285,BTC-18OCT19-9000-P,5,1570647771602,0.8,0.8,0.0675,buy,2,8614.55,67.17
2019-10-10 08:30:07.990,44364628,BTC-18OCT19-9000-P,6,1570696207990,0.1,0.1,0.065,buy,2,8596.2,62.25
2019-10-11 04:37:31.929,44467542,BTC-18OCT19-9000-P,7,1570768651929,0.5,0.5,0.064,sell,2,8582.98,61.18
2019-10-11 05:06:48.406,44493070,BTC-18OCT19-9000-P,8,1570770408406,0.2,0.2,0.055,buy,2,8704.75,64.26
2019-10-11 05:17:04.521,44503423,BTC-18OCT19-9000-P,9,1570771024521,0.2,0.2,0.07200000000000001,buy,0,8530.79,68.41
2019-10-11 05:17:04.521,44503424,BTC-18OCT19-9000-P,10,1570771024521,0.6,0.6,0.0725,buy,0,8530.79,69.42
2019-10-11 05:28:37.510,44525658,BTC-18OCT19-9000-P,11,1570771717510,0.5,0.5,0.0825,buy,0,8431.82,70.3
2019-10-11 07:41:26.920,44566811,BTC-18OCT19-9000-P,12,1570779686920,6.0,6.0,0.0825,buy,1,8408.24,65.98
2019-10-11 07:43:59.175,44567101,BTC-18OCT19-9000-P,13,1570779839175,6.0,6.0,0.08199999999999999,buy,2,8409.46,65.32
2019-10-11 08:06:32.568,44572986,BTC-18OCT19-9000-P,14,1570781192568,0.8,0.8,0.087,buy,0,8358.88,64.82
2019-10-11 08:06:32.734,44572995,BTC-18OCT19-9000-P,15,1570781192734,4.2,4.2,0.087,buy,1,8358.88,64.82
2019-10-12 01:02:08.206,44653822,BTC-18OCT19-9000-P,16,1570842128206,0.1,0.1,0.09300000000000001,sell,0,8277.26,61.05
2019-10-12 07:50:36.487,44665812,BTC-18OCT19-9000-P,17,1570866636487,0.1,0.1,0.086,buy,2,8348.17,64.31
2019-10-12 10:00:09.007,44668518,BTC-18OCT19-9000-P,18,1570874409007,0.1,0.1,0.0855,buy,2,8346.23,62.71
2019-10-12 15:01:31.000,44681565,BTC-18OCT19-9000-P,19,1570892491000,0.1,0.1,0.0785,sell,2,8386.41,55.73
2019-10-12 15:13:52.483,44683104,BTC-18OCT19-9000-P,20,1570893232483,0.1,0.1,0.08,buy,0,8386.71,60.25
2019-10-12 16:24:53.446,44687899,BTC-18OCT19-9000-P,21,1570897493446,0.1,0.1,0.086,buy,0,8340.64,63.4
2019-10-13 11:38:26.443,44719407,BTC-18OCT19-9000-P,22,1570966706443,0.1,0.1,0.0815,sell,2,8378.23,66.93
2019-10-13 20:17:45.548,44771123,BTC-18OCT19-9000-P,23,1570997865548,0.8,0.8,0.1025,sell,0,8201.08,73.2
2019-10-13 20:17:45.631,44771127,BTC-18OCT19-9000-P,24,1570997865631,4.0,4.0,0.1025,sell,1,8201.08,73.2
2019-10-14 08:53:04.614,44806975,BTC-18OCT19-9000-P,25,1571043184614,0.1,0.1,0.087,buy,2,8311.07,66.53
2019-10-14 12:01:38.589,44813503,BTC-18OCT19-9000-P,26,1571054498589,0.1,0.1,0.09,sell,0,8280.79,64.69
2019-10-14 13:59:53.877,44821415,BTC-18OCT19-9000-P,27,1571061593877,0.1,0.1,0.089,sell,2,8291.31,67.09
2019-10-14 14:07:44.579,44821720,BTC-18OCT19-9000-P,28,1571062064579,0.1,0.1,0.0905,buy,0,8286.11,71.43
2019-10-14 14:07:44.579,44821721,BTC-18OCT19-9000-P,29,1571062064579,6.0,6.0,0.091,buy,0,8286.11,73.66
2019-10-14 14:07:44.581,44821722,BTC-18OCT19-9000-P,30,1571062064581,3.8000000000000003,3.8000000000000003,0.091,sell,1,8286.11,73.66
2019-10-14 16:23:55.870,44828972,BTC-18OCT19-9000-P,31,1571070235870,0.8,0.8,0.096,buy,0,8232.46,68.19
2019-10-14 16:36:15.391,44836007,BTC-18OCT19-9000-P,32,1571070975391,5.0,5.0,0.0785,buy,2,8372.1,62.39
2019-10-14 16:48:13.224,44843660,BTC-18OCT19-9000-P,33,1571071693224,0.8,0.8,0.079,buy,0,8365.27,61.72
2019-10-15 07:53:36.576,44892125,BTC-18OCT19-9000-P,34,1571126016576,0.1,0.1,0.0865,buy,0,8289.93,56.6
2019-10-15 11:48:12.741,44904331,BTC-18OCT19-9000-P,35,1571140092741,1.0,1.0,0.0865,buy,1,8285.28,50.68
2019-10-15 16:12:38.882,44936148,BTC-18OCT19-9000-P,36,1571155958882,0.1,0.1,0.099,buy,0,8192.51,60.61
2019-10-15 16:15:19.622,44943248,BTC-18OCT19-9000-P,37,1571156119622,1.0,1.0,0.1115,sell,0,8105.25,74.29
2019-10-15 16:15:20.266,44943396,BTC-18OCT19-9000-P,38,1571156120266,1.0,1.0,0.1115,buy,1,8103.43,74.63
2019-10-16 12:35:28.424,45034257,BTC-18OCT19-9000-P,39,1571229328424,0.1,0.1,0.145,buy,0,7959.68,193.91
2019-10-17 15:50:32.529,45151487,BTC-18OCT19-9000-P,40,1571327432529,10.0,10.0,0.113,buy,2,8083.4,0.0
2019-10-17 16:20:05.667,45153326,BTC-18OCT19-9000-P,41,1571329205667,5.0,5.0,0.113,sell,3,8093.17,142.45
2019-10-17 20:28:57.262,45167462,BTC-18OCT19-9000-P,42,1571344137262,6.0,6.0,0.1185,buy,0,8053.44,175.25
