date_utc,tradeId,instrument,tradeSeq,timeStamp,quantity,amount,price,direction,tickDirection,indexPrice,iv
2019-10-07 08:14:28.629,8392067,ETH-25OCT19-200-C,117,1570436068629,1.0,1.0,0.03,buy,2,172.7,91.37
2019-10-07 09:45:13.244,8393910,ETH-25OCT19-200-C,118,1570441513244,160.0,160.0,0.034,buy,0,173.8,94.77
2019-10-07 09:45:13.244,8393911,ETH-25OCT19-200-C,119,1570441513244,240.0,240.0,0.034,buy,1,173.8,94.77
2019-10-07 12:29:36.873,8397577,ETH-25OCT19-200-C,120,1570451376873,1.0,1.0,0.035,buy,0,176.75,90.73
2019-10-07 16:50:39.942,8407597,ETH-25OCT19-200-C,121,1570467039942,1.0,1.0,0.04,buy,0,181.99,86.93
2019-10-07 16:50:41.054,8407602,ETH-25OCT19-200-C,122,1570467041054,15.0,15.0,0.040999999999999995,buy,0,182.03,87.95
2019-10-07 18:17:49.073,8410724,ETH-25OCT19-200-C,123,1570472269073,1.0,1.0,0.044000000000000004,buy,0,181.31,93.23
2019-10-07 20:39:56.394,8412793,ETH-25OCT19-200-C,124,1570480796394,7.0,7.0,0.04,sell,2,179.51,92.12
2019-10-08 01:27:32.133,8418913,ETH-25OCT19-200-C,125,1570498052133,50.0,50.0,0.04,buy,3,181.87,87.78
2019-10-08 01:39:30.298,8419464,ETH-25OCT19-200-C,126,1570498770298,20.0,20.0,0.042,buy,0,183.26,87.35
2019-10-08 08:03:49.516,8427445,ETH-25OCT19-200-C,127,1570521829516,20.0,20.0,0.036000000000000004,sell,2,180.91,85.3
2019-10-08 08:21:58.948,8428412,ETH-25OCT19-200-C,128,1570522918948,50.0,50.0,0.034,sell,2,179.94,84.66
2019-10-08 11:46:12.680,8431778,ETH-25OCT19-200-C,129,1570535172680,1.0,1.0,0.035,buy,0,180.92,84.24
2019-10-08 11:46:37.298,8431779,ETH-25OCT19-200-C,130,1570535197298,1.0,1.0,0.035,buy,1,180.85,84.36
2019-10-08 11:46:40.725,8431780,ETH-25OCT19-200-C,131,1570535200725,1.0,1.0,0.035,buy,1,180.84,84.38
2019-10-08 11:47:24.977,8431803,ETH-25OCT19-200-C,132,1570535244977,3.0,3.0,0.035,buy,1,180.7,84.67
2019-10-08 11:56:47.261,8431938,ETH-25OCT19-200-C,133,1570535807261,100.0,100.0,0.035,buy,1,180.73,84.72
2019-10-08 11:56:58.670,8431939,ETH-25OCT19-200-C,134,1570535818670,94.0,94.0,0.035,buy,1,180.76,84.67
2019-10-09 00:37:40.265,8448291,ETH-25OCT19-200-C,135,1570581460265,20.0,20.0,0.037000000000000005,buy,0,181.32,87.56
2019-10-09 06:52:16.385,8453235,ETH-25OCT19-200-C,136,1570603936385,10.0,10.0,0.031,sell,2,180.57,81.77
2019-10-09 14:19:20.084,8469642,ETH-25OCT19-200-C,137,1570630760084,102.0,102.0,0.05,buy,0,191.19,82.94
2019-10-09 14:19:20.239,8469643,ETH-25OCT19-200-C,138,1570630760239,2.0,2.0,0.05,buy,1,191.19,82.94
2019-10-09 14:19:20.339,8469649,ETH-25OCT19-200-C,139,1570630760339,4.0,4.0,0.05,buy,1,191.19,82.94
2019-10-09 14:19:21.420,8469660,ETH-25OCT19-200-C,140,1570630761420,7.0,7.0,0.05,buy,1,191.37,82.2
2019-10-09 14:19:22.946,8469674,ETH-25OCT19-200-C,141,1570630762946,2.0,2.0,0.05,buy,1,191.39,82.27
2019-10-09 14:19:23.102,8469677,ETH-25OCT19-200-C,142,1570630763102,2.0,2.0,0.05,buy,1,191.39,82.27
2019-10-09 14:19:23.500,8469687,ETH-25OCT19-200-C,143,1570630763500,2.0,2.0,0.05,buy,1,191.47,82.21
2019-10-09 14:19:30.631,8469748,ETH-25OCT19-200-C,144,1570630770631,29.0,29.0,0.05,buy,1,191.84,81.12
2019-10-09 14:29:29.007,8472521,ETH-25OCT19-200-C,145,1570631369007,50.0,50.0,0.055999999999999994,buy,0,191.71,88.66
2019-10-09 15:01:56.991,8474963,ETH-25OCT19-200-C,146,1570633316991,1.0,1.0,0.05,sell,2,191.61,82.01
2019-10-09 20:37:08.509,8490623,ETH-25OCT19-200-C,147,1570653428509,30.0,30.0,0.055999999999999994,buy,0,192.02,88.7
2019-10-09 21:54:31.681,8491934,ETH-25OCT19-200-C,148,1570658071681,9.0,9.0,0.05,sell,2,191.15,83.59
2019-10-09 22:23:30.890,8493412,ETH-25OCT19-200-C,149,1570659810890,41.0,41.0,0.052000000000000005,sell,0,192.78,82.05
2019-10-09 22:34:37.151,8493853,ETH-25OCT19-200-C,150,1570660477151,180.0,180.0,0.061,buy,0,194.39,89.01
2019-10-09 22:34:37.151,8493854,ETH-25OCT19-200-C,151,1570660477151,70.0,70.0,0.061,buy,1,194.39,89.01
2019-10-10 01:42:31.032,8499643,ETH-25OCT19-200-C,152,1570671751032,15.0,15.0,0.055,sell,2,192.93,85.78
2019-10-10 03:57:54.504,8501899,ETH-25OCT19-200-C,153,1570679874504,85.0,85.0,0.055,sell,3,193.47,84.82
2019-10-10 03:58:05.110,8501903,ETH-25OCT19-200-C,154,1570679885110,200.0,200.0,0.054000000000000006,sell,2,193.48,83.58
2019-10-10 03:58:56.479,8501946,ETH-25OCT19-200-C,155,1570679936479,107.0,107.0,0.054000000000000006,sell,3,193.52,83.48
2019-10-10 07:18:12.652,8504825,ETH-25OCT19-200-C,156,1570691892652,1.0,1.0,0.055999999999999994,sell,0,192.63,88.29
2019-10-10 07:41:49.067,8505261,ETH-25OCT19-200-C,157,1570693309067,50.0,50.0,0.059000000000000004,buy,0,193.45,89.96
2019-10-10 07:48:21.586,8505405,ETH-25OCT19-200-C,158,1570693701586,49.0,49.0,0.053,sell,2,193.22,83.09
2019-10-10 11:11:49.586,8512373,ETH-25OCT19-200-C,159,1570705909586,20.0,20.0,0.046,buy,2,190.19,82.51
2019-10-10 12:35:32.337,8514204,ETH-25OCT19-200-C,160,1570710932337,51.0,51.0,0.043,sell,2,189.01,81.77
2019-10-10 23:06:27.313,8530232,ETH-25OCT19-200-C,161,1570748787313,1.0,1.0,0.047,sell,0,191.96,80.94
2019-10-11 05:27:39.008,8551626,ETH-25OCT19-200-C,162,1570771659008,7.0,7.0,0.043,sell,2,187.48,87.88
2019-10-11 10:17:25.989,8566951,ETH-25OCT19-200-C,163,1570789045989,10.0,10.0,0.035,buy,2,186.17,80.8
2019-10-11 10:24:24.386,8567011,ETH-25OCT19-200-C,164,1570789464386,100.0,100.0,0.035,sell,3,186.4,80.23
2019-10-11 10:24:50.845,8567012,ETH-25OCT19-200-C,165,1570789490845,100.0,100.0,0.034,sell,2,186.42,78.86
2019-10-11 16:58:57.718,8583943,ETH-25OCT19-200-C,166,1570813137718,15.0,15.0,0.027000000000000003,sell,2,182.58,78.58
2019-10-11 17:39:03.729,8584539,ETH-25OCT19-200-C,167,1570815543729,2.0,2.0,0.026000000000000002,sell,2,181.86,78.72
2019-10-11 21:39:09.346,8588194,ETH-25OCT19-200-C,168,1570829949346,100.0,100.0,0.022000000000000002,sell,2,179.71,77.56
2019-10-11 21:41:36.258,8588330,ETH-25OCT19-200-C,169,1570830096258,13.0,13.0,0.022000000000000002,sell,3,179.8,77.51
2019-10-12 00:49:55.744,8592360,ETH-25OCT19-200-C,170,1570841395744,2.0,2.0,0.027999999999999997,sell,0,182.04,82.28
2019-10-12 10:20:34.416,8599634,ETH-25OCT19-200-C,171,1570875634416,2.0,2.0,0.027000000000000003,sell,2,182.62,80.76
2019-10-12 11:06:38.575,8600584,ETH-25OCT19-200-C,172,1570878398575,2.0,2.0,0.026000000000000002,sell,2,182.72,79.02
2019-10-12 11:06:38.575,8600585,ETH-25OCT19-200-C,173,1570878398575,2.0,2.0,0.025,sell,2,182.72,77.48
2019-10-12 14:01:07.199,8602286,ETH-25OCT19-200-C,174,1570888867199,50.0,50.0,0.024,buy,2,183.09,75.38
2019-10-12 14:01:07.199,8602287,ETH-25OCT19-200-C,175,1570888867199,1.0,1.0,0.024,buy,3,183.09,75.38
2019-10-12 18:09:35.842,8606439,ETH-25OCT19-200-C,176,1570903775842,1.0,1.0,0.025,sell,0,182.39,79.0
2019-10-12 18:10:37.062,8606507,ETH-25OCT19-200-C,177,1570903837062,1.0,1.0,0.025,sell,1,182.12,79.61
2019-10-12 18:52:30.587,8608843,ETH-25OCT19-200-C,178,1570906350587,2.0,2.0,0.02,sell,2,180.87,74.5
2019-10-12 19:48:07.126,8617177,ETH-25OCT19-200-C,179,1570909687126,1.0,1.0,0.019,sell,2,179.67,75.61
2019-10-13 06:48:04.237,8628209,ETH-25OCT19-200-C,180,1570949284237,2.0,2.0,0.023,sell,0,180.56,81.77
2019-10-13 12:12:38.028,8631583,ETH-25OCT19-200-C,181,1570968758028,1.0,1.0,0.025,buy,0,183.05,80.1
2019-10-13 20:07:11.885,8639489,ETH-25OCT19-200-C,182,1570997231885,10.0,10.0,0.025,sell,1,181.63,84.84
2019-10-13 20:24:24.886,8644080,ETH-25OCT19-200-C,183,1570998264886,1.0,1.0,0.022,sell,2,180.08,83.38
2019-10-14 05:36:57.973,8651206,ETH-25OCT19-200-C,184,1571031417973,1.0,1.0,0.023,sell,0,183.22,78.78
2019-10-14 05:36:57.973,8651207,ETH-25OCT19-200-C,185,1571031417973,1.0,1.0,0.022,sell,2,183.22,77.09
2019-10-14 05:36:57.973,8651208,ETH-25OCT19-200-C,186,1571031417973,8.0,8.0,0.022,sell,3,183.22,77.09
2019-10-14 06:54:00.608,8652263,ETH-25OCT19-200-C,189,1571036040608,17.0,17.0,0.026,buy,1,183.44,83.42
2019-10-14 06:54:00.608,8652262,ETH-25OCT19-200-C,188,1571036040608,1.0,1.0,0.026,buy,1,183.44,83.42
2019-10-14 06:54:00.608,8652261,ETH-25OCT19-200-C,187,1571036040608,2.0,2.0,0.026,buy,0,183.44,83.42
2019-10-14 08:35:25.278,8653350,ETH-25OCT19-200-C,190,1571042125278,5.0,5.0,0.023,sell,2,183.31,79.08
2019-10-14 13:35:24.253,8656653,ETH-25OCT19-200-C,191,1571060124253,100.0,100.0,0.019,sell,2,183.29,72.85
2019-10-14 22:50:43.421,8672897,ETH-25OCT19-200-C,192,1571093443421,2.0,2.0,0.023,sell,0,186.3,73.53
2019-10-15 02:32:18.345,8676846,ETH-25OCT19-200-C,193,1571106738345,2.0,2.0,0.022,sell,2,186.04,72.98
2019-10-15 02:35:06.646,8676895,ETH-25OCT19-200-C,194,1571106906646,3.0,3.0,0.022,buy,3,186.25,72.47
2019-10-15 07:46:07.626,8680691,ETH-25OCT19-200-C,195,1571125567626,1.0,1.0,0.019,sell,2,183.9,74.03
2019-10-15 08:17:52.612,8682467,ETH-25OCT19-200-C,196,1571127472612,1.0,1.0,0.018,buy,2,183.39,73.61
2019-10-15 09:27:11.348,8683682,ETH-25OCT19-200-C,197,1571131631348,1.0,1.0,0.016,sell,2,183.34,70.17
2019-10-15 13:20:10.095,8686073,ETH-25OCT19-200-C,198,1571145610095,2.0,2.0,0.019,sell,0,183.32,76.36
2019-10-15 14:42:13.826,8687094,ETH-25OCT19-200-C,199,1571150533826,2.0,2.0,0.018,sell,2,182.87,75.9
2019-10-15 14:55:31.232,8687630,ETH-25OCT19-200-C,200,1571151331232,1.0,1.0,0.017,sell,2,182.06,75.73
2019-10-15 14:55:36.886,8687864,ETH-25OCT19-200-C,201,1571151336886,1.0,1.0,0.015,sell,2,181.35,73.31
2019-10-15 15:57:59.236,8690702,ETH-25OCT19-200-C,202,1571155079236,2.0,2.0,0.018,buy,0,183.38,75.12
2019-10-15 16:15:33.432,8698386,ETH-25OCT19-200-C,203,1571156133432,1.0,1.0,0.013,sell,2,177.79,78.4
2019-10-15 23:57:42.354,8713884,ETH-25OCT19-200-C,204,1571183862354,1.0,1.0,0.012,sell,2,180.7,70.41
2019-10-15 23:57:42.354,8713885,ETH-25OCT19-200-C,205,1571183862354,1.0,1.0,0.012,sell,3,180.7,70.41
2019-10-15 23:57:42.354,8713886,ETH-25OCT19-200-C,206,1571183862354,8.0,8.0,0.012,sell,3,180.7,70.41
2019-10-15 23:59:37.774,8713887,ETH-25OCT19-200-C,207,1571183977774,1.0,1.0,0.012,sell,3,180.65,70.5
2019-10-16 08:45:41.915,8720207,ETH-25OCT19-200-C,208,1571215541915,19.0,19.0,0.011,buy,2,178.73,74.1
2019-10-16 11:42:00.976,8723400,ETH-25OCT19-200-C,209,1571226120976,1.0,1.0,0.01,sell,2,176.12,77.9
2019-10-17 08:30:22.361,8756056,ETH-25OCT19-200-C,210,1571301022361,30.0,30.0,0.008,sell,2,176.05,76.82
2019-10-17 14:36:10.255,8761747,ETH-25OCT19-200-C,211,1571322970255,50.0,50.0,0.008,sell,3,176.14,77.88
