date_utc,tradeId,instrument,tradeSeq,timeStamp,quantity,amount,price,direction,tickDirection,indexPrice,iv
2019-10-11 08:05:01.176,44571028,BTC-18OCT19-8250-P,1,1570781101176,0.8,0.8,0.027999999999999997,buy,1,8385.67,65.26
2019-10-11 08:05:01.176,44571029,BTC-18OCT19-8250-P,2,1570781101176,14.2,14.2,0.0285,buy,0,8385.67,66.19
2019-10-11 08:07:55.559,44575395,BTC-18OCT19-8250-P,3,1570781275559,3.0,3.0,0.027999999999999997,buy,2,8358.31,62.57
2019-10-11 08:13:49.264,44578441,BTC-18OCT19-8250-P,4,1570781629264,0.8,0.8,0.03,buy,0,8316.04,62.03
2019-10-11 08:13:49.405,44578445,BTC-18OCT19-8250-P,5,1570781629405,0.8,0.8,0.03,buy,1,8316.04,62.03
2019-10-11 08:13:49.805,44578456,BTC-18OCT19-8250-P,6,1570781629805,0.4,0.4,0.03,buy,1,8315.43,61.94
2019-10-11 08:20:10.001,44580402,BTC-18OCT19-8250-P,7,1570782010001,4.0,4.0,0.027000000000000003,sell,2,8350.72,60.04
2019-10-11 08:22:08.062,44580883,BTC-18OCT19-8250-P,8,1570782128062,1.0,1.0,0.0275,buy,0,8366.33,62.48
2019-10-11 08:27:47.001,44581362,BTC-18OCT19-8250-P,9,1570782467001,3.0,3.0,0.026000000000000002,sell,2,8361.33,59.27
2019-10-11 08:28:31.799,44581384,BTC-18OCT19-8250-P,10,1570782511799,2.0,2.0,0.026000000000000002,sell,3,8361.01,59.24
2019-10-11 08:29:14.503,44581442,BTC-18OCT19-8250-P,11,1570782554503,1.0,1.0,0.026000000000000002,buy,3,8359.26,59.08
2019-10-11 08:34:42.917,44581976,BTC-18OCT19-8250-P,12,1570782882917,0.8,0.8,0.026000000000000002,sell,3,8370.54,60.17
2019-10-11 08:34:45.120,44581977,BTC-18OCT19-8250-P,13,1570782885120,0.2,0.2,0.026000000000000002,buy,3,8369.62,60.11
2019-10-11 08:36:19.830,44582094,BTC-18OCT19-8250-P,14,1570782979830,1.0,1.0,0.0255,sell,2,8374.73,59.7
2019-10-11 08:38:10.755,44582169,BTC-18OCT19-8250-P,15,1570783090755,1.0,1.0,0.026000000000000002,buy,0,8372.38,60.42
2019-10-11 08:38:43.628,44582203,BTC-18OCT19-8250-P,16,1570783123628,6.0,6.0,0.0265,buy,0,8373.87,61.51
2019-10-11 08:39:11.172,44582242,BTC-18OCT19-8250-P,17,1570783151172,4.0,4.0,0.0265,sell,1,8372.36,61.35
2019-10-11 08:44:13.790,44582553,BTC-18OCT19-8250-P,18,1570783453790,0.1,0.1,0.026000000000000002,sell,2,8360.21,59.2
2019-10-11 08:48:44.836,44582875,BTC-18OCT19-8250-P,19,1570783724836,0.1,0.1,0.0275,buy,0,8368.17,62.83
2019-10-11 08:53:51.783,44583298,BTC-18OCT19-8250-P,20,1570784031783,0.5,0.5,0.0275,buy,1,8372.36,63.31
2019-10-11 08:54:46.286,44583305,BTC-18OCT19-8250-P,22,1570784086286,0.1,0.1,0.026000000000000002,sell,2,8374.47,60.69
2019-10-11 08:54:46.286,44583304,BTC-18OCT19-8250-P,21,1570784086286,0.1,0.1,0.0265,sell,2,8374.47,61.62
2019-10-11 09:02:12.651,44583755,BTC-18OCT19-8250-P,23,1570784532651,0.1,0.1,0.0275,buy,0,8364.32,62.47
2019-10-11 09:03:09.837,44583790,BTC-18OCT19-8250-P,24,1570784589837,0.1,0.1,0.0265,sell,2,8364.37,60.62
2019-10-11 09:06:19.150,44584007,BTC-18OCT19-8250-P,25,1570784779150,0.9,0.9,0.0265,buy,3,8378.24,61.97
2019-10-11 09:08:55.322,44584106,BTC-18OCT19-8250-P,26,1570784935322,1.0,1.0,0.0265,sell,3,8385.43,62.69
2019-10-11 09:11:20.428,44584167,BTC-18OCT19-8250-P,27,1570785080428,0.1,0.1,0.0275,buy,0,8386.13,64.64
2019-10-11 09:14:15.689,44584390,BTC-18OCT19-8250-P,28,1570785255689,0.1,0.1,0.027000000000000003,buy,2,8382.83,63.37
2019-10-11 09:51:21.439,44586060,BTC-18OCT19-8250-P,29,1570787481439,1.0,1.0,0.0275,buy,0,8363.82,62.61
2019-10-11 09:52:04.956,44586073,BTC-18OCT19-8250-P,30,1570787524956,0.3,0.3,0.0275,buy,1,8364.53,62.68
2019-10-11 10:06:22.448,44586559,BTC-18OCT19-8250-P,32,1570788382448,1.8,1.8,0.026000000000000002,sell,2,8361.73,59.65
2019-10-11 10:06:22.448,44586558,BTC-18OCT19-8250-P,31,1570788382448,0.1,0.1,0.0265,sell,2,8361.73,60.58
2019-10-11 10:11:21.937,44586946,BTC-18OCT19-8250-P,33,1570788681937,3.0,3.0,0.027000000000000003,buy,0,8350.41,60.41
2019-10-11 10:55:40.532,44588485,BTC-18OCT19-8250-P,34,1570791340532,1.0,1.0,0.026000000000000002,sell,2,8382.81,61.8
2019-10-11 11:18:54.857,44591956,BTC-18OCT19-8250-P,35,1570792734857,1.0,1.0,0.028999999999999998,buy,0,8320.17,61.22
2019-10-11 11:54:19.317,44596755,BTC-18OCT19-8250-P,36,1570794859317,0.1,0.1,0.03,buy,0,8304.19,61.66
2019-10-11 12:42:01.391,44601205,BTC-18OCT19-8250-P,38,1570797721391,8.0,8.0,0.0265,sell,3,8344.92,59.33
2019-10-11 12:42:01.391,44601204,BTC-18OCT19-8250-P,37,1570797721391,2.0,2.0,0.0265,sell,2,8344.92,59.33
2019-10-11 13:52:38.232,44604731,BTC-18OCT19-8250-P,39,1570801958232,0.1,0.1,0.027000000000000003,sell,0,8357.77,61.7
2019-10-11 15:07:56.576,44611141,BTC-18OCT19-8250-P,41,1570806476576,0.2,0.2,0.028999999999999998,buy,1,8315.97,61.45
2019-10-11 15:07:56.576,44611140,BTC-18OCT19-8250-P,40,1570806476576,0.2,0.2,0.028999999999999998,buy,0,8315.97,61.45
2019-10-11 15:16:39.897,44611656,BTC-18OCT19-8250-P,42,1570806999897,2.0,2.0,0.027000000000000003,buy,2,8334.36,59.65
2019-10-11 16:10:27.979,44616338,BTC-18OCT19-8250-P,43,1570810227979,0.2,0.2,0.027999999999999997,buy,0,8312.88,59.51
2019-10-11 16:23:32.707,44618653,BTC-18OCT19-8250-P,44,1570811012707,0.5,0.5,0.028999999999999998,buy,0,8307.47,61.14
2019-10-11 17:08:14.187,44624636,BTC-18OCT19-8250-P,45,1570813694187,6.0,6.0,0.026000000000000002,sell,2,8358.57,60.79
2019-10-11 17:08:14.187,44624637,BTC-18OCT19-8250-P,46,1570813694187,10.0,10.0,0.026000000000000002,sell,3,8358.57,60.79
2019-10-11 17:58:05.324,44628395,BTC-18OCT19-8250-P,47,1570816685324,0.4,0.4,0.0275,buy,0,8341.16,61.97
2019-10-11 17:58:05.325,44628396,BTC-18OCT19-8250-P,48,1570816685325,0.1,0.1,0.0275,sell,1,8341.16,61.97
2019-10-11 18:02:15.724,44628616,BTC-18OCT19-8250-P,49,1570816935724,0.2,0.2,0.026000000000000002,sell,2,8343.63,59.37
2019-10-11 18:26:36.830,44629464,BTC-18OCT19-8250-P,50,1570818396830,0.3,0.3,0.0265,buy,0,8336.7,59.74
2019-10-11 18:33:45.859,44629983,BTC-18OCT19-8250-P,52,1570818825859,0.2,0.2,0.027000000000000003,buy,1,8320.62,58.97
2019-10-11 18:33:45.859,44629982,BTC-18OCT19-8250-P,51,1570818825859,0.2,0.2,0.027000000000000003,buy,0,8320.62,58.97
2019-10-11 20:14:45.981,44634891,BTC-18OCT19-8250-P,53,1570824885981,0.1,0.1,0.0255,sell,2,8365.2,60.95
2019-10-11 20:32:31.901,44636017,BTC-18OCT19-8250-P,54,1570825951901,0.1,0.1,0.0245,sell,2,8342.14,56.73
2019-10-11 21:33:43.177,44637783,BTC-18OCT19-8250-P,55,1570829623177,0.2,0.2,0.026000000000000002,buy,0,8327.38,58.22
2019-10-11 21:36:28.607,44638013,BTC-18OCT19-8250-P,56,1570829788607,0.2,0.2,0.027000000000000003,buy,0,8313.22,58.78
2019-10-11 21:37:48.244,44638082,BTC-18OCT19-8250-P,57,1570829868244,1.0,1.0,0.026000000000000002,sell,2,8309.46,56.38
2019-10-11 22:32:49.390,44639488,BTC-18OCT19-8250-P,58,1570833169390,0.2,0.2,0.025,buy,2,8336.22,57.47
2019-10-11 22:42:45.839,44639787,BTC-18OCT19-8250-P,60,1570833765839,0.6,0.6,0.026000000000000002,buy,1,8347.94,60.67
2019-10-11 22:42:45.839,44639786,BTC-18OCT19-8250-P,59,1570833765839,0.4,0.4,0.026000000000000002,buy,0,8347.94,60.67
2019-10-11 23:20:59.134,44640575,BTC-18OCT19-8250-P,61,1570836059134,0.3,0.3,0.025,buy,2,8324.36,56.41
2019-10-11 23:37:48.752,44641839,BTC-18OCT19-8250-P,62,1570837068752,4.0,4.0,0.0255,sell,0,8308.02,55.57
2019-10-11 23:46:49.137,44642635,BTC-18OCT19-8250-P,64,1570837609137,0.2,0.2,0.027000000000000003,buy,1,8289.77,56.92
2019-10-11 23:46:49.137,44642634,BTC-18OCT19-8250-P,63,1570837609137,0.2,0.2,0.027000000000000003,buy,0,8289.77,56.92
2019-10-11 23:55:39.804,44648222,BTC-18OCT19-8250-P,65,1570838139804,1.0,1.0,0.03,buy,0,8258.42,58.71
2019-10-12 00:32:24.525,44651700,BTC-18OCT19-8250-P,66,1570840344525,0.2,0.2,0.027000000000000003,buy,2,8286.73,56.41
2019-10-12 01:01:48.324,44653814,BTC-18OCT19-8250-P,67,1570842108324,0.2,0.2,0.027000000000000003,buy,3,8276.36,55.32
2019-10-12 01:51:04.847,44656354,BTC-18OCT19-8250-P,68,1570845064847,0.2,0.2,0.0235,buy,2,8321.17,53.67
2019-10-12 02:45:29.467,44657754,BTC-18OCT19-8250-P,69,1570848329467,0.2,0.2,0.025,buy,0,8316.69,56.21
2019-10-12 03:51:32.288,44658992,BTC-18OCT19-8250-P,70,1570852292288,0.2,0.2,0.024,sell,2,8320.38,54.9
2019-10-12 03:51:49.873,44658994,BTC-18OCT19-8250-P,72,1570852309873,0.6,0.6,0.0235,sell,3,8321.16,53.99
2019-10-12 03:51:49.873,44658993,BTC-18OCT19-8250-P,71,1570852309873,0.4,0.4,0.0235,sell,2,8321.16,53.99
2019-10-12 05:35:47.106,44661700,BTC-18OCT19-8250-P,73,1570858547106,0.2,0.2,0.022000000000000002,sell,2,8355.21,54.92
2019-10-12 05:58:58.290,44662730,BTC-18OCT19-8250-P,74,1570859938290,0.2,0.2,0.024,buy,0,8342.69,57.55
2019-10-12 05:58:58.290,44662731,BTC-18OCT19-8250-P,75,1570859938290,0.1,0.1,0.0245,buy,0,8342.69,58.53
2019-10-12 05:58:58.290,44662732,BTC-18OCT19-8250-P,76,1570859938290,0.4,0.4,0.025,buy,0,8342.69,59.52
2019-10-12 05:59:04.165,44662734,BTC-18OCT19-8250-P,77,1570859944165,0.6,0.6,0.025,sell,1,8342.66,59.49
2019-10-12 05:59:05.157,44662736,BTC-18OCT19-8250-P,78,1570859945157,0.6,0.6,0.025,sell,1,8342.38,59.52
2019-10-12 05:59:05.510,44662738,BTC-18OCT19-8250-P,79,1570859945510,0.1,0.1,0.025,sell,1,8342.38,59.52
2019-10-12 06:10:06.771,44663271,BTC-18OCT19-8250-P,80,1570860606771,1.0,1.0,0.0215,sell,2,8350.83,53.53
2019-10-12 06:10:30.567,44663308,BTC-18OCT19-8250-P,84,1570860630567,1.3,1.3,0.026000000000000002,buy,1,8350.31,62.4
2019-10-12 06:10:30.567,44663307,BTC-18OCT19-8250-P,83,1570860630567,0.1,0.1,0.026000000000000002,buy,0,8350.31,62.4
2019-10-12 06:10:30.567,44663306,BTC-18OCT19-8250-P,82,1570860630567,0.4,0.4,0.025,buy,0,8350.31,60.41
2019-10-12 06:10:30.567,44663305,BTC-18OCT19-8250-P,81,1570860630567,0.2,0.2,0.024,buy,0,8350.31,58.43
2019-10-12 06:41:07.189,44664133,BTC-18OCT19-8250-P,85,1570862467189,0.2,0.2,0.0225,buy,2,8354.35,55.96
2019-10-12 06:48:11.538,44664482,BTC-18OCT19-8250-P,86,1570862891538,0.1,0.1,0.024,buy,0,8363.25,59.9
2019-10-12 08:16:04.846,44666118,BTC-18OCT19-8250-P,87,1570868164846,0.2,0.2,0.024,buy,1,8346.86,58.42
2019-10-12 08:19:38.911,44666146,BTC-18OCT19-8250-P,88,1570868378911,0.2,0.2,0.025,buy,0,8343.87,60.14
2019-10-12 08:25:41.807,44666319,BTC-18OCT19-8250-P,89,1570868741807,0.4,0.4,0.027000000000000003,buy,0,8339.23,63.66
2019-10-12 08:25:53.350,44666320,BTC-18OCT19-8250-P,90,1570868753350,1.0,1.0,0.027000000000000003,sell,1,8339.23,63.62
2019-10-12 08:32:56.059,44666382,BTC-18OCT19-8250-P,91,1570869176059,0.2,0.2,0.027000000000000003,buy,1,8342.34,63.92
2019-10-12 08:34:18.271,44666395,BTC-18OCT19-8250-P,92,1570869258271,2.2,2.2,0.026000000000000002,sell,2,8340.19,61.76
2019-10-12 11:04:44.950,44671491,BTC-18OCT19-8250-P,93,1570878284950,0.3,0.3,0.0245,sell,2,8319.88,56.93
2019-10-12 11:21:31.008,44672223,BTC-18OCT19-8250-P,94,1570879291008,0.1,0.1,0.024,buy,2,8331.43,57.3
2019-10-12 11:33:56.961,44672708,BTC-18OCT19-8250-P,95,1570880036961,0.2,0.2,0.023,buy,2,8342.09,56.55
2019-10-12 11:52:27.383,44673262,BTC-18OCT19-8250-P,96,1570881147383,0.2,0.2,0.024,buy,0,8326.37,56.86
2019-10-12 12:22:27.120,44673752,BTC-18OCT19-8250-P,97,1570882947120,0.1,0.1,0.023,sell,2,8329.37,55.31
2019-10-12 13:47:53.212,44675809,BTC-18OCT19-8250-P,98,1570888073212,0.2,0.2,0.023,buy,3,8329.55,55.58
2019-10-12 14:56:32.316,44679212,BTC-18OCT19-8250-P,99,1570892192316,0.1,0.1,0.022000000000000002,sell,2,8385.44,59.66
2019-10-12 14:56:32.316,44679213,BTC-18OCT19-8250-P,100,1570892192316,1.0,1.0,0.022000000000000002,sell,3,8385.44,59.66
2019-10-12 15:19:45.105,44683348,BTC-18OCT19-8250-P,101,1570893585105,1.0,1.0,0.02,sell,2,8374.91,54.68
2019-10-12 15:27:05.947,44683647,BTC-18OCT19-8250-P,102,1570894025947,0.1,0.1,0.0205,sell,0,8377.31,55.94
2019-10-12 16:05:38.030,44685967,BTC-18OCT19-8250-P,103,1570896338030,0.2,0.2,0.021,sell,0,8400.41,59.43
2019-10-12 17:35:05.062,44690166,BTC-18OCT19-8250-P,104,1570901705062,1.0,1.0,0.022000000000000002,buy,0,8348.95,56.48
2019-10-12 18:02:32.276,44690926,BTC-18OCT19-8250-P,105,1570903352276,0.2,0.2,0.023,buy,0,8326.66,56.13
2019-10-12 18:02:32.276,44690927,BTC-18OCT19-8250-P,106,1570903352276,0.2,0.2,0.023,buy,1,8326.66,56.13
2019-10-12 18:58:30.655,44693681,BTC-18OCT19-8250-P,107,1570906710655,0.1,0.1,0.025,buy,0,8322.44,60.01
2019-10-12 19:02:49.828,44694062,BTC-18OCT19-8250-P,108,1570906969828,0.2,0.2,0.024,buy,2,8310.77,56.65
2019-10-12 19:03:03.800,44694085,BTC-18OCT19-8250-P,109,1570906983800,0.1,0.1,0.025,buy,0,8311.9,58.85
2019-10-12 19:03:03.800,44694086,BTC-18OCT19-8250-P,110,1570906983800,1.9,1.9,0.026000000000000002,buy,0,8311.9,60.91
2019-10-12 19:26:58.102,44695124,BTC-18OCT19-8250-P,111,1570908418102,1.8,1.8,0.024,sell,2,8324.17,58.32
2019-10-12 19:46:50.885,44695544,BTC-18OCT19-8250-P,112,1570909610885,0.2,0.2,0.024,buy,3,8322.8,58.15
2019-10-12 20:00:40.933,44695756,BTC-18OCT19-8250-P,113,1570910440933,0.4,0.4,0.024,sell,3,8320.37,57.99
2019-10-12 21:06:24.606,44697781,BTC-18OCT19-8250-P,114,1570914384606,0.2,0.2,0.023,buy,2,8347.88,59.2
2019-10-12 21:06:24.608,44697782,BTC-18OCT19-8250-P,115,1570914384608,0.1,0.1,0.023,sell,3,8347.88,59.2
2019-10-12 22:43:21.394,44699812,BTC-18OCT19-8250-P,116,1570920201394,0.1,0.1,0.023,buy,3,8337.89,58.44
2019-10-12 23:14:38.263,44700645,BTC-18OCT19-8250-P,117,1570922078263,0.2,0.2,0.023,buy,3,8332.29,57.92
2019-10-12 23:14:38.263,44700646,BTC-18OCT19-8250-P,118,1570922078263,0.2,0.2,0.023,buy,3,8332.29,57.92
2019-10-12 23:55:49.365,44701833,BTC-18OCT19-8250-P,119,1570924549365,0.2,0.2,0.024,buy,0,8309.98,57.69
2019-10-13 00:04:52.156,44702930,BTC-18OCT19-8250-P,120,1570925092156,0.2,0.2,0.025,buy,0,8294.19,57.85
2019-10-13 00:07:08.274,44703203,BTC-18OCT19-8250-P,121,1570925228274,5.0,5.0,0.024,sell,2,8303.91,56.87
2019-10-13 00:30:47.760,44703862,BTC-18OCT19-8250-P,122,1570926647760,1.0,1.0,0.023,sell,2,8316.93,56.48
2019-10-13 01:22:41.960,44705323,BTC-18OCT19-8250-P,123,1570929761960,0.1,0.1,0.022000000000000002,sell,2,8359.41,59.33
2019-10-13 01:47:39.797,44706454,BTC-18OCT19-8250-P,124,1570931259797,0.1,0.1,0.0205,buy,2,8355.38,55.76
2019-10-13 01:53:52.050,44706603,BTC-18OCT19-8250-P,125,1570931632050,0.1,0.1,0.0205,buy,3,8350.45,55.24
2019-10-13 03:36:36.508,44707952,BTC-18OCT19-8250-P,127,1570937796508,0.2,0.2,0.021,buy,1,8344.28,56.04
2019-10-13 03:36:36.508,44707951,BTC-18OCT19-8250-P,126,1570937796508,0.2,0.2,0.021,buy,0,8344.28,56.04
2019-10-13 04:18:25.358,44708973,BTC-18OCT19-8250-P,128,1570940305358,0.2,0.2,0.021,buy,1,8345.95,56.42
2019-10-13 04:19:29.006,44708984,BTC-18OCT19-8250-P,129,1570940369006,0.3,0.3,0.0215,buy,0,8345.97,57.46
2019-10-13 04:49:40.522,44709479,BTC-18OCT19-8250-P,130,1570942180522,0.6,0.6,0.0205,sell,2,8344.1,55.18
2019-10-13 04:49:40.522,44709480,BTC-18OCT19-8250-P,131,1570942180522,0.4,0.4,0.0205,sell,3,8344.1,55.18
2019-10-13 05:20:23.908,44710002,BTC-18OCT19-8250-P,132,1570944023908,0.2,0.2,0.022000000000000002,buy,0,8327.66,56.62
2019-10-13 05:20:23.908,44710003,BTC-18OCT19-8250-P,133,1570944023908,0.2,0.2,0.022000000000000002,buy,1,8327.66,56.62
2019-10-13 05:26:41.815,44710031,BTC-18OCT19-8250-P,134,1570944401815,0.1,0.1,0.0225,sell,0,8328.06,57.79
2019-10-13 08:15:48.416,44713507,BTC-18OCT19-8250-P,135,1570954548416,0.2,0.2,0.023,buy,0,8332.34,60.04
2019-10-13 08:15:48.416,44713508,BTC-18OCT19-8250-P,136,1570954548416,0.2,0.2,0.023,buy,1,8332.34,60.04
2019-10-13 08:37:47.899,44714129,BTC-18OCT19-8250-P,137,1570955867899,0.1,0.1,0.0225,sell,2,8352.18,61.37
2019-10-13 08:49:10.428,44714817,BTC-18OCT19-8250-P,138,1570956550428,0.1,0.1,0.023,buy,0,8356.77,62.99
2019-10-13 09:05:13.223,44715342,BTC-18OCT19-8250-P,139,1570957513223,2.0,2.0,0.022000000000000002,sell,2,8359.66,61.24
2019-10-13 11:36:58.950,44719100,BTC-18OCT19-8250-P,140,1570966618950,1.6,1.6,0.022000000000000002,sell,3,8372.99,63.4
2019-10-13 12:38:48.349,44725181,BTC-18OCT19-8250-P,141,1570970328349,0.4,0.4,0.0215,buy,2,8397.41,65.26
2019-10-13 12:38:48.349,44725182,BTC-18OCT19-8250-P,142,1570970328349,1.0,1.0,0.0215,buy,3,8397.41,65.26
2019-10-13 12:38:48.352,44725183,BTC-18OCT19-8250-P,143,1570970328352,2.8000000000000003,2.8000000000000003,0.0215,sell,3,8397.41,65.26
2019-10-13 12:39:00.280,44725211,BTC-18OCT19-8250-P,144,1570970340280,0.1,0.1,0.0195,sell,2,8399.48,60.93
2019-10-13 12:39:15.505,44725238,BTC-18OCT19-8250-P,145,1570970355505,0.4,0.4,0.0195,sell,3,8399.48,60.94
2019-10-13 12:39:34.559,44725325,BTC-18OCT19-8250-P,146,1570970374559,0.4,0.4,0.0195,sell,3,8395.57,60.5
2019-10-13 12:39:42.389,44725342,BTC-18OCT19-8250-P,147,1570970382389,0.1,0.1,0.019,sell,2,8394.7,59.32
2019-10-13 12:39:42.389,44725343,BTC-18OCT19-8250-P,148,1570970382389,0.4,0.4,0.019,sell,3,8394.7,59.32
2019-10-13 12:40:02.785,44725383,BTC-18OCT19-8250-P,149,1570970402785,0.6,0.6,0.0185,sell,2,8393.42,57.99
2019-10-13 12:40:02.785,44725384,BTC-18OCT19-8250-P,150,1570970402785,6.4,6.4,0.0185,sell,3,8393.42,57.99
2019-10-13 12:55:04.309,44731018,BTC-18OCT19-8250-P,151,1570971304309,0.4,0.4,0.018000000000000002,sell,2,8422.03,59.99
2019-10-13 12:55:04.309,44731019,BTC-18OCT19-8250-P,152,1570971304309,0.6,0.6,0.018000000000000002,sell,3,8422.03,59.99
2019-10-13 13:21:55.822,44732888,BTC-18OCT19-8250-P,153,1570972915822,0.4,0.4,0.018000000000000002,sell,3,8419.04,59.77
2019-10-13 13:37:16.198,44734115,BTC-18OCT19-8250-P,155,1570973836198,0.1,0.1,0.016,sell,2,8446.93,58.09
2019-10-13 13:37:16.198,44734114,BTC-18OCT19-8250-P,154,1570973836198,0.4,0.4,0.017,sell,2,8446.93,60.46
2019-10-13 16:44:35.156,44746738,BTC-18OCT19-8250-P,156,1570985075156,0.1,0.1,0.0175,buy,0,8453.48,63.19
2019-10-13 19:12:17.862,44751174,BTC-18OCT19-8250-P,157,1570993937862,0.1,0.1,0.0165,sell,2,8434.65,59.54
2019-10-13 19:21:25.852,44751400,BTC-18OCT19-8250-P,158,1570994485852,0.1,0.1,0.016,buy,2,8441.2,59.04
2019-10-13 20:11:42.838,44758970,BTC-18OCT19-8250-P,159,1570997502838,0.1,0.1,0.0245,buy,0,8301.27,62.43
2019-10-13 20:11:42.853,44758972,BTC-18OCT19-8250-P,160,1570997502853,0.7000000000000001,0.7000000000000001,0.025,buy,0,8301.27,63.56
2019-10-13 20:11:43.242,44759018,BTC-18OCT19-8250-P,161,1570997503242,0.8,0.8,0.025,buy,1,8301.27,63.56
2019-10-13 20:17:17.765,44769953,BTC-18OCT19-8250-P,162,1570997837765,0.5,0.5,0.0315,buy,0,8207.6,65.21
2019-10-13 20:32:25.585,44779049,BTC-18OCT19-8250-P,163,1570998745585,0.1,0.1,0.0245,sell,2,8247.14,55.57
2019-10-13 21:05:16.971,44782666,BTC-18OCT19-8250-P,164,1571000716971,0.2,0.2,0.0265,buy,0,8246.24,60.16
2019-10-14 00:00:42.005,44792442,BTC-18OCT19-8250-P,165,1571011242005,0.1,0.1,0.0265,buy,1,8279.87,65.72
2019-10-14 01:20:13.710,44795647,BTC-18OCT19-8250-P,166,1571016013710,3.0,3.0,0.0245,sell,2,8280.39,61.53
2019-10-14 01:21:52.936,44795715,BTC-18OCT19-8250-P,167,1571016112936,2.0,2.0,0.0245,sell,3,8280.78,61.61
2019-10-14 02:00:19.651,44796816,BTC-18OCT19-8250-P,168,1571018419651,0.5,0.5,0.025,buy,0,8293.1,64.62
2019-10-14 02:00:19.651,44796817,BTC-18OCT19-8250-P,169,1571018419651,4.5,4.5,0.025,buy,1,8293.1,64.62
2019-10-14 03:18:18.338,44798891,BTC-18OCT19-8250-P,170,1571023098338,1.0,1.0,0.0225,sell,2,8298.27,59.82
2019-10-14 05:30:41.556,44801529,BTC-18OCT19-8250-P,171,1571031041556,1.0,1.0,0.023,sell,0,8308.38,63.01
2019-10-14 07:06:41.715,44804558,BTC-18OCT19-8250-P,172,1571036801715,7.0,7.0,0.0205,buy,2,8324.16,59.58
2019-10-14 08:32:27.249,44806610,BTC-18OCT19-8250-P,173,1571041947249,0.2,0.2,0.0205,sell,3,8317.53,59.09
2019-10-14 12:14:49.083,44815009,BTC-18OCT19-8250-P,174,1571055289083,0.4,0.4,0.022,buy,0,8258.7,55.87
2019-10-14 12:14:49.273,44815027,BTC-18OCT19-8250-P,175,1571055289273,0.4,0.4,0.022,buy,1,8258.7,55.87
2019-10-14 12:17:00.646,44815600,BTC-18OCT19-8250-P,176,1571055420646,4.2,4.2,0.022,buy,1,8251.91,54.79
2019-10-14 12:40:05.489,44817706,BTC-18OCT19-8250-P,177,1571056805489,0.4,0.4,0.022,sell,1,8273.4,58.03
2019-10-14 12:40:06.725,44817713,BTC-18OCT19-8250-P,178,1571056806725,0.1,0.1,0.022,sell,1,8273.29,58.03
2019-10-14 14:54:27.611,44823134,BTC-18OCT19-8250-P,179,1571064867611,1.0,1.0,0.021,sell,2,8270.47,55.85
2019-10-14 15:50:42.082,44825486,BTC-18OCT19-8250-P,180,1571068242082,0.5,0.5,0.0215,sell,0,8262.87,56.21
2019-10-14 15:57:29.450,44825785,BTC-18OCT19-8250-P,181,1571068649450,0.1,0.1,0.0225,buy,0,8258.42,58.03
2019-10-14 16:18:43.083,44826684,BTC-18OCT19-8250-P,182,1571069923083,0.4,0.4,0.0225,buy,1,8262.71,58.86
2019-10-14 16:33:11.298,44831259,BTC-18OCT19-8250-P,183,1571070791298,0.1,0.1,0.022,sell,2,8257.83,56.93
2019-10-14 16:33:45.916,44831625,BTC-18OCT19-8250-P,184,1571070825916,0.9,0.9,0.022,sell,3,8267.07,58.43
2019-10-14 17:04:50.627,44846313,BTC-18OCT19-8250-P,185,1571072690627,1.0,1.0,0.016,sell,2,8358.08,55.82
2019-10-14 18:47:32.038,44852129,BTC-18OCT19-8250-P,186,1571078852038,0.1,0.1,0.0175,sell,0,8355.07,59.94
2019-10-14 18:57:22.025,44852681,BTC-18OCT19-8250-P,187,1571079442025,0.1,0.1,0.017,sell,2,8362.69,59.68
2019-10-14 19:03:55.513,44854011,BTC-18OCT19-8250-P,188,1571079835513,0.1,0.1,0.0145,sell,2,8382.83,55.61
2019-10-14 21:10:57.618,44859238,BTC-18OCT19-8250-P,189,1571087457618,1.0,1.0,0.015,sell,0,8348.83,53.3
2019-10-14 21:10:57.618,44859239,BTC-18OCT19-8250-P,190,1571087457618,1.0,1.0,0.015,sell,1,8348.83,53.3
2019-10-14 21:11:47.490,44860170,BTC-18OCT19-8250-P,191,1571087507490,0.2,0.2,0.018,buy,0,8317.87,57.23
2019-10-14 21:56:53.455,44868150,BTC-18OCT19-8250-P,192,1571090213455,0.1,0.1,0.018,sell,1,8320.85,57.73
2019-10-14 23:50:48.590,44872290,BTC-18OCT19-8250-P,193,1571097048590,0.1,0.1,0.0165,sell,2,8350.31,58.47
2019-10-15 00:00:30.516,44872683,BTC-18OCT19-8250-P,194,1571097630516,0.2,0.2,0.016,sell,2,8359.18,58.35
2019-10-15 02:02:42.609,44883130,BTC-18OCT19-8250-P,195,1571104962609,1.0,1.0,0.0175,buy,0,8329.46,59.15
2019-10-15 06:47:08.913,44889612,BTC-18OCT19-8250-P,196,1571122028913,0.1,0.1,0.0175,buy,1,8302.92,57.13
2019-10-15 06:47:08.913,44889613,BTC-18OCT19-8250-P,197,1571122028913,0.1,0.1,0.0175,buy,1,8302.92,57.13
2019-10-15 07:40:10.036,44891588,BTC-18OCT19-8250-P,198,1571125210036,0.6,0.6,0.0175,sell,1,8299.44,56.74
2019-10-15 07:48:37.112,44891853,BTC-18OCT19-8250-P,199,1571125717112,0.1,0.1,0.018,buy,0,8296.44,57.71
2019-10-15 08:02:29.255,44893470,BTC-18OCT19-8250-P,200,1571126549255,0.8,0.8,0.0195,buy,0,8274.37,58.53
2019-10-15 08:14:15.064,44894267,BTC-18OCT19-8250-P,201,1571127255064,0.1,0.1,0.021,buy,0,8268.64,61.75
2019-10-15 08:16:43.064,44894778,BTC-18OCT19-8250-P,202,1571127403064,0.1,0.1,0.0175,sell,2,8280.35,54.04
2019-10-15 08:50:02.301,44898224,BTC-18OCT19-8250-P,203,1571129402301,0.1,0.1,0.017,sell,2,8293.47,54.81
2019-10-15 09:00:25.549,44898413,BTC-18OCT19-8250-P,204,1571130025549,2.0,2.0,0.0175,sell,0,8288.05,55.47
2019-10-15 09:48:24.742,44899702,BTC-18OCT19-8250-P,205,1571132904742,2.0,2.0,0.0195,buy,0,8286.8,61.2
2019-10-15 10:23:45.561,44901242,BTC-18OCT19-8250-P,206,1571135025561,0.1,0.1,0.016,sell,2,8307.98,54.87
2019-10-15 11:48:23.651,44904338,BTC-18OCT19-8250-P,207,1571140103651,1.0,1.0,0.018,buy,0,8285.13,57.56
2019-10-15 14:13:48.223,44908670,BTC-18OCT19-8250-P,208,1571148828223,1.0,1.0,0.017,sell,2,8305.6,58.94
2019-10-15 14:13:48.223,44908671,BTC-18OCT19-8250-P,209,1571148828223,0.8,0.8,0.017,sell,3,8305.6,58.94
2019-10-15 14:40:49.665,44909766,BTC-18OCT19-8250-P,210,1571150449665,0.1,0.1,0.017,buy,3,8297.05,58.54
2019-10-15 14:42:41.531,44911723,BTC-18OCT19-8250-P,211,1571150561531,1.0,1.0,0.0175,sell,0,8278.48,55.98
2019-10-15 15:02:44.384,44916678,BTC-18OCT19-8250-P,212,1571151764384,1.6,1.6,0.0205,buy,0,8242.24,58.75
2019-10-15 15:09:56.701,44917797,BTC-18OCT19-8250-P,213,1571152196701,0.8,0.8,0.0185,sell,2,8283.57,60.18
2019-10-15 16:12:27.559,44934933,BTC-18OCT19-8250-P,214,1571155947559,0.9,0.9,0.021,buy,0,8237.15,60.41
2019-10-15 16:12:28.614,44935019,BTC-18OCT19-8250-P,215,1571155948614,2.0,2.0,0.022,buy,0,8229.86,62.71
2019-10-15 16:13:59.457,44940480,BTC-18OCT19-8250-P,216,1571156039457,0.5,0.5,0.024,sell,0,8191.65,59.45
2019-10-15 16:25:45.175,44952501,BTC-18OCT19-8250-P,217,1571156745175,1.0,1.0,0.0245,sell,0,8174.77,57.59
2019-10-15 18:11:12.957,44962689,BTC-18OCT19-8250-P,218,1571163072957,0.9,0.9,0.0265,buy,0,8166.26,62.71
2019-10-15 18:27:46.832,44963996,BTC-18OCT19-8250-P,219,1571164066832,0.1,0.1,0.023,sell,2,8163.14,51.49
2019-10-15 18:28:22.274,44964006,BTC-18OCT19-8250-P,220,1571164102274,0.1,0.1,0.027,buy,0,8161.82,63.46
2019-10-15 19:12:56.241,44965886,BTC-18OCT19-8250-P,221,1571166776241,0.1,0.1,0.026,buy,2,8169.59,62.44
2019-10-15 23:50:54.323,44979052,BTC-18OCT19-8250-P,222,1571183454323,0.2,0.2,0.022,sell,2,8167.55,51.94
2019-10-16 00:46:32.410,44981210,BTC-18OCT19-8250-P,223,1571186792410,1.0,1.0,0.0235,buy,0,8161.07,55.52
2019-10-16 04:22:55.588,44985709,BTC-18OCT19-8250-P,224,1571199775588,0.6,0.6,0.023,sell,2,8166.54,57.08
2019-10-16 06:52:03.662,44988162,BTC-18OCT19-8250-P,225,1571208723662,4.0,4.0,0.021,sell,2,8165.81,51.41
2019-10-16 07:00:50.254,44988712,BTC-18OCT19-8250-P,226,1571209250254,0.4,0.4,0.023,buy,0,8153.76,55.28
2019-10-16 07:57:27.747,44991851,BTC-18OCT19-8250-P,227,1571212647747,0.8,0.8,0.0245,buy,0,8129.19,54.22
2019-10-16 11:41:19.841,45011794,BTC-18OCT19-8250-P,228,1571226079841,0.5,0.5,0.035,buy,0,8019.73,60.87
2019-10-16 11:41:19.841,45011795,BTC-18OCT19-8250-P,229,1571226079841,1.0,1.0,0.035,buy,1,8019.73,60.87
2019-10-16 12:01:15.306,45021849,BTC-18OCT19-8250-P,230,1571227275306,0.1,0.1,0.0315,sell,2,8036.67,51.66
2019-10-16 12:18:36.045,45024234,BTC-18OCT19-8250-P,231,1571228316045,1.0,1.0,0.035,buy,0,8023.27,61.38
2019-10-16 13:47:28.624,45044541,BTC-18OCT19-8250-P,232,1571233648624,0.5,0.5,0.0395,buy,0,7984.44,65.6
2019-10-16 14:40:28.541,45050001,BTC-18OCT19-8250-P,233,1571236828541,1.0,1.0,0.042,buy,0,7957.85,65.26
2019-10-16 15:32:24.983,45053941,BTC-18OCT19-8250-P,234,1571239944983,0.4,0.4,0.0405,buy,2,7962.71,60.85
2019-10-16 15:47:39.841,45055192,BTC-18OCT19-8250-P,235,1571240859841,1.0,1.0,0.04,sell,2,7968.3,61.42
2019-10-16 19:06:37.374,45076724,BTC-18OCT19-8250-P,236,1571252797374,1.0,1.0,0.042,buy,0,7950.14,65.08
2019-10-16 19:33:37.367,45080525,BTC-18OCT19-8250-P,237,1571254417367,0.2,0.2,0.041,buy,2,7949.19,58.34
2019-10-16 19:56:12.554,45081594,BTC-18OCT19-8250-P,238,1571255772554,1.0,1.0,0.0425,buy,0,7947.9,66.65
2019-10-16 19:56:12.554,45081595,BTC-18OCT19-8250-P,239,1571255772554,0.5,0.5,0.0425,buy,1,7947.9,66.65
2019-10-16 21:00:01.299,45084190,BTC-18OCT19-8250-P,240,1571259601299,0.2,0.2,0.038,sell,2,7986.57,65.82
2019-10-16 22:54:17.779,45087675,BTC-18OCT19-8250-P,241,1571266457779,0.3,0.3,0.034,buy,2,8003.62,54.2
2019-10-17 00:45:24.442,45094031,BTC-18OCT19-8250-P,242,1571273124442,0.5,0.5,0.039,buy,0,7963.86,60.41
2019-10-17 02:24:12.740,45096569,BTC-18OCT19-8250-P,243,1571279052740,0.6,0.6,0.0385,sell,2,7971.25,63.99
2019-10-17 03:00:24.980,45097796,BTC-18OCT19-8250-P,244,1571281224980,3.0,3.0,0.0365,sell,2,7987.05,62.56
2019-10-17 03:53:50.294,45098404,BTC-18OCT19-8250-P,245,1571284430294,3.0,3.0,0.0365,buy,3,7977.16,56.13
2019-10-17 05:00:23.009,45102246,BTC-18OCT19-8250-P,246,1571288423009,0.1,0.1,0.042,buy,0,7943.77,70.44
2019-10-17 05:04:46.709,45102671,BTC-18OCT19-8250-P,247,1571288686709,0.1,0.1,0.042,buy,1,7942.93,69.73
2019-10-17 06:07:11.720,45105722,BTC-18OCT19-8250-P,248,1571292431720,1.0,1.0,0.036,buy,2,7980.23,57.46
2019-10-17 08:23:55.354,45113884,BTC-18OCT19-8250-P,249,1571300635354,1.0,1.0,0.03,sell,2,8038.75,61.07
2019-10-17 08:29:25.568,45116603,BTC-18OCT19-8250-P,250,1571300965568,6.0,6.0,0.0295,sell,2,8048.8,64.81
2019-10-17 08:30:33.691,45117631,BTC-18OCT19-8250-P,251,1571301033691,1.0,1.0,0.026,sell,2,8062.69,50.0
2019-10-17 08:30:33.698,45117632,BTC-18OCT19-8250-P,252,1571301033698,8.0,8.0,0.026,buy,3,8062.69,50.0
2019-10-17 12:17:49.875,45139294,BTC-18OCT19-8250-P,253,1571314669875,1.0,1.0,0.029,buy,0,8032.29,55.14
2019-10-17 15:36:35.250,45150443,BTC-18OCT19-8250-P,254,1571326595250,0.2,0.2,0.0245,sell,2,8083.12,64.92
2019-10-17 19:06:11.921,45163640,BTC-18OCT19-8250-P,255,1571339171921,0.8,0.8,0.026,buy,0,8066.25,72.0
2019-10-17 19:06:11.921,45163641,BTC-18OCT19-8250-P,256,1571339171921,0.2,0.2,0.0265,buy,0,8066.25,76.41
2019-10-17 20:28:57.288,45167464,BTC-18OCT19-8250-P,257,1571344137288,6.0,6.0,0.027,buy,0,8053.44,73.55
2019-10-17 23:13:19.950,45172543,BTC-18OCT19-8250-P,258,1571353999950,2.0,2.0,0.0255,sell,2,8064.07,77.83
