date_utc,tradeId,instrument,tradeSeq,timeStamp,quantity,amount,price,direction,tickDirection,indexPrice,iv
2019-10-06 10:09:53.923,43824583,BTC-18OCT19-8000-P,15,1570356593923,0.2,0.2,0.054000000000000006,buy,0,7946.65,70.0
2019-10-06 11:00:03.746,43826460,BTC-18OCT19-8000-P,16,1570359603746,0.2,0.2,0.054000000000000006,buy,1,7920.79,67.59
2019-10-06 11:00:49.255,43826487,BTC-18OCT19-8000-P,17,1570359649255,0.2,0.2,0.055,buy,0,7914.73,68.4
2019-10-06 12:30:04.145,43830557,BTC-18OCT19-8000-P,18,1570365004145,0.2,0.2,0.051,buy,2,7963.05,67.67
2019-10-06 13:02:42.211,43831120,BTC-18OCT19-8000-P,19,1570366962211,0.1,0.1,0.049,sell,2,7953.45,64.04
2019-10-06 13:13:15.785,43831323,BTC-18OCT19-8000-P,20,1570367595785,0.2,0.2,0.052000000000000005,buy,0,7943.63,67.4
2019-10-06 13:53:55.712,43832654,BTC-18OCT19-8000-P,21,1570370035712,0.2,0.2,0.054000000000000006,buy,0,7923.98,68.32
2019-10-06 14:11:54.662,43834586,BTC-18OCT19-8000-P,22,1570371114662,0.2,0.2,0.055999999999999994,buy,0,7905.06,69.35
2019-10-06 15:13:42.846,43839008,BTC-18OCT19-8000-P,23,1570374822846,10.3,10.3,0.055999999999999994,sell,1,7959.99,74.77
2019-10-06 15:13:44.033,43839078,BTC-18OCT19-8000-P,24,1570374824033,5.0,5.0,0.055999999999999994,sell,1,7962.43,74.82
2019-10-06 15:13:44.358,43839087,BTC-18OCT19-8000-P,25,1570374824358,1.0,1.0,0.055999999999999994,sell,1,7962.44,75.06
2019-10-06 15:13:45.016,43839090,BTC-18OCT19-8000-P,26,1570374825016,5.0,5.0,0.055999999999999994,sell,1,7962.44,75.06
2019-10-06 15:13:45.153,43839092,BTC-18OCT19-8000-P,27,1570374825153,10.0,10.0,0.055999999999999994,sell,1,7962.44,75.06
2019-10-06 15:13:53.119,43839136,BTC-18OCT19-8000-P,28,1570374833119,5.0,5.0,0.055999999999999994,sell,1,7973.76,76.13
2019-10-06 15:13:53.741,43839150,BTC-18OCT19-8000-P,29,1570374833741,13.7,13.7,0.055999999999999994,sell,1,7973.76,76.13
2019-10-06 15:30:12.754,43845794,BTC-18OCT19-8000-P,30,1570375812754,0.2,0.2,0.05,buy,2,8047.09,74.48
2019-10-06 16:04:16.764,43848610,BTC-18OCT19-8000-P,31,1570377856764,0.2,0.2,0.051,buy,0,8020.16,73.57
2019-10-06 16:50:08.543,43851081,BTC-18OCT19-8000-P,32,1570380608543,0.1,0.1,0.053,sell,0,8011.25,75.65
2019-10-06 17:16:29.130,43851752,BTC-18OCT19-8000-P,33,1570382189130,10.0,10.0,0.053,sell,1,8012.71,75.83
2019-10-06 17:16:56.434,43851869,BTC-18OCT19-8000-P,34,1570382216434,10.0,10.0,0.053,sell,1,8018.39,76.37
2019-10-06 17:16:57.763,43851883,BTC-18OCT19-8000-P,35,1570382217763,15.0,15.0,0.053,sell,1,8023.25,76.38
2019-10-06 17:21:28.900,43852093,BTC-18OCT19-8000-P,36,1570382488900,5.0,5.0,0.053,sell,1,8022.64,76.68
2019-10-06 17:21:31.698,43852094,BTC-18OCT19-8000-P,37,1570382491698,4.9,4.9,0.053,sell,1,8022.64,76.71
2019-10-06 17:30:07.863,43852335,BTC-18OCT19-8000-P,38,1570383007863,0.2,0.2,0.05,buy,2,8032.07,73.31
2019-10-06 18:23:54.448,43853995,BTC-18OCT19-8000-P,39,1570386234448,0.2,0.2,0.053,buy,0,7981.18,72.93
2019-10-06 18:37:51.110,43856139,BTC-18OCT19-8000-P,40,1570387071110,0.2,0.2,0.055999999999999994,buy,0,7936.97,72.95
2019-10-06 18:40:02.309,43863981,BTC-18OCT19-8000-P,41,1570387202309,0.6,0.6,0.065,sell,0,7825.97,74.01
2019-10-06 20:01:57.270,43873740,BTC-18OCT19-8000-P,42,1570392117270,0.2,0.2,0.059000000000000004,buy,2,7897.41,73.32
2019-10-06 20:30:57.817,43876690,BTC-18OCT19-8000-P,43,1570393857817,0.2,0.2,0.057,buy,2,7914.45,72.41
2019-10-06 21:17:18.502,43878434,BTC-18OCT19-8000-P,44,1570396638502,0.2,0.2,0.059000000000000004,buy,0,7888.16,72.73
2019-10-06 22:00:04.508,43880081,BTC-18OCT19-8000-P,45,1570399204508,0.2,0.2,0.057,buy,2,7927.9,73.98
2019-10-06 22:24:39.708,43881243,BTC-18OCT19-8000-P,46,1570400679708,0.2,0.2,0.059000000000000004,buy,0,7896.07,73.72
2019-10-06 22:30:31.495,43881575,BTC-18OCT19-8000-P,47,1570401031495,0.2,0.2,0.06,buy,0,7875.62,73.06
2019-10-06 23:10:26.652,43884301,BTC-18OCT19-8000-P,48,1570403426652,0.2,0.2,0.062,buy,0,7846.26,72.92
2019-10-07 00:04:33.436,43889392,BTC-18OCT19-8000-P,49,1570406673436,0.2,0.2,0.061,buy,2,7859.81,73.05
2019-10-07 00:07:45.214,43889649,BTC-18OCT19-8000-P,50,1570406865214,0.2,0.2,0.062,buy,0,7847.1,73.24
2019-10-07 00:38:26.000,43895910,BTC-18OCT19-8000-P,51,1570408706000,0.2,0.2,0.067,buy,0,7779.61,72.82
2019-10-07 02:42:38.251,43905362,BTC-18OCT19-8000-P,52,1570416158251,0.2,0.2,0.063,buy,2,7828.03,72.76
2019-10-07 03:56:49.857,43911519,BTC-18OCT19-8000-P,53,1570420609857,0.1,0.1,0.06,buy,2,7873.29,73.59
2019-10-07 03:56:49.893,43911523,BTC-18OCT19-8000-P,54,1570420609893,0.1,0.1,0.06,buy,3,7873.29,73.59
2019-10-07 04:43:15.310,43912918,BTC-18OCT19-8000-P,56,1570423395310,0.2,0.2,0.061,buy,1,7865.12,74.27
2019-10-07 04:43:15.310,43912917,BTC-18OCT19-8000-P,55,1570423395310,0.2,0.2,0.061,buy,0,7865.12,74.27
2019-10-07 05:53:47.313,43916423,BTC-18OCT19-8000-P,57,1570427627313,0.6,0.6,0.064,sell,0,7836.17,75.58
2019-10-07 08:51:24.303,43927035,BTC-18OCT19-8000-P,58,1570438284303,0.2,0.2,0.057,buy,2,7885.27,71.34
2019-10-07 09:10:10.873,43927788,BTC-18OCT19-8000-P,59,1570439410873,0.2,0.2,0.057999999999999996,buy,0,7890.19,73.29
2019-10-07 11:55:38.304,43939913,BTC-18OCT19-8000-P,60,1570449338304,0.2,0.2,0.049,buy,2,7994.45,71.2
2019-10-07 12:09:54.771,43940922,BTC-18OCT19-8000-P,61,1570450194771,0.6,0.6,0.047,buy,2,8017.09,70.47
2019-10-07 12:10:38.259,43941103,BTC-18OCT19-8000-P,62,1570450238259,0.4,0.4,0.047,buy,3,8026.06,71.31
2019-10-07 12:21:07.348,43941972,BTC-18OCT19-8000-P,63,1570450867348,1.0,1.0,0.046,sell,2,8043.38,71.42
2019-10-07 13:27:42.221,43957314,BTC-18OCT19-8000-P,64,1570454862221,3.0,3.0,0.035,sell,2,8168.46,66.0
2019-10-07 13:31:11.035,43957911,BTC-18OCT19-8000-P,65,1570455071035,3.0,3.0,0.0345,sell,2,8165.79,65.04
2019-10-07 13:42:43.670,43958671,BTC-18OCT19-8000-P,66,1570455763670,0.5,0.5,0.037000000000000005,buy,0,8156.67,68.05
2019-10-07 14:05:12.480,43959641,BTC-18OCT19-8000-P,67,1570457112480,0.2,0.2,0.037000000000000005,buy,1,8169.14,69.17
2019-10-07 14:11:21.916,43959959,BTC-18OCT19-8000-P,68,1570457481916,0.2,0.2,0.038,buy,0,8158.93,69.82
2019-10-07 14:30:04.205,43961068,BTC-18OCT19-8000-P,69,1570458604205,0.2,0.2,0.039,buy,0,8139.14,69.83
2019-10-07 16:01:43.270,43970763,BTC-18OCT19-8000-P,70,1570464103270,1.0,1.0,0.034,buy,2,8207.64,67.88
2019-10-07 18:27:35.828,43988812,BTC-18OCT19-8000-P,71,1570472855828,0.1,0.1,0.0315,sell,2,8266.24,68.98
2019-10-07 18:43:20.470,43989612,BTC-18OCT19-8000-P,72,1570473800470,1.0,1.0,0.0325,buy,0,8250.17,69.34
2019-10-07 20:06:32.612,43993562,BTC-18OCT19-8000-P,73,1570478792612,3.0,3.0,0.0335,buy,0,8242.53,70.54
2019-10-07 22:55:10.612,44000563,BTC-18OCT19-8000-P,74,1570488910612,1.3,1.3,0.035,sell,0,8230.23,72.22
2019-10-07 22:55:12.799,44000564,BTC-18OCT19-8000-P,75,1570488912799,1.3,1.3,0.035,sell,1,8230.23,72.2
2019-10-07 22:55:14.952,44000580,BTC-18OCT19-8000-P,76,1570488914952,0.4,0.4,0.035,sell,1,8230.56,72.21
2019-10-08 10:05:05.710,44034129,BTC-18OCT19-8000-P,77,1570529105710,3.0,3.0,0.035,sell,1,8196.33,71.3
2019-10-08 11:40:44.083,44043330,BTC-18OCT19-8000-P,78,1570534844083,1.0,1.0,0.033,buy,2,8194.0,68.2
2019-10-08 14:09:33.639,44066425,BTC-18OCT19-8000-P,79,1570543773639,2.0,2.0,0.031,buy,2,8197.16,65.67
2019-10-08 16:02:14.519,44078475,BTC-18OCT19-8000-P,80,1570550534519,0.2,0.2,0.031,buy,3,8184.18,64.87
2019-10-08 16:36:38.581,44082617,BTC-18OCT19-8000-P,81,1570552598581,0.2,0.2,0.031,buy,3,8181.32,64.71
2019-10-08 16:36:38.581,44082618,BTC-18OCT19-8000-P,82,1570552598581,0.2,0.2,0.031,buy,3,8181.32,64.71
2019-10-08 18:33:57.914,44092334,BTC-18OCT19-8000-P,84,1570559637914,0.2,0.2,0.032,buy,1,8181.22,66.49
2019-10-08 18:33:57.914,44092333,BTC-18OCT19-8000-P,83,1570559637914,0.2,0.2,0.032,buy,0,8181.22,66.49
2019-10-08 19:25:24.231,44096228,BTC-18OCT19-8000-P,85,1570562724231,0.2,0.2,0.031,buy,2,8193.75,66.16
2019-10-08 20:28:40.611,44102085,BTC-18OCT19-8000-P,86,1570566520611,0.2,0.2,0.032,buy,0,8167.02,65.64
2019-10-08 20:28:40.611,44102086,BTC-18OCT19-8000-P,87,1570566520611,0.2,0.2,0.032,buy,1,8167.02,65.64
2019-10-08 20:30:16.460,44103578,BTC-18OCT19-8000-P,88,1570566616460,0.2,0.2,0.034,buy,0,8137.88,66.49
2019-10-08 21:09:21.572,44110439,BTC-18OCT19-8000-P,89,1570568961572,0.5,0.5,0.033,buy,2,8135.96,64.7
2019-10-08 21:54:49.113,44114670,BTC-18OCT19-8000-P,90,1570571689113,1.0,1.0,0.032,buy,2,8160.61,65.24
2019-10-08 22:10:09.348,44116723,BTC-18OCT19-8000-P,91,1570572609348,0.2,0.2,0.033,buy,0,8175.73,68.27
2019-10-08 22:31:32.678,44119141,BTC-18OCT19-8000-P,92,1570573892678,0.2,0.2,0.0315,sell,2,8182.22,66.39
2019-10-09 00:31:41.669,44136539,BTC-18OCT19-8000-P,93,1570581101669,0.2,0.2,0.032,buy,0,8167.72,66.33
2019-10-09 01:25:26.755,44144045,BTC-18OCT19-8000-P,94,1570584326755,1.7,1.7,0.0305,sell,2,8176.7,64.68
2019-10-09 02:01:24.884,44145238,BTC-18OCT19-8000-P,95,1570586484884,0.2,0.2,0.031,buy,0,8173.23,65.26
2019-10-09 02:01:24.884,44145239,BTC-18OCT19-8000-P,96,1570586484884,0.2,0.2,0.031,buy,1,8173.23,65.26
2019-10-09 02:10:29.879,44146109,BTC-18OCT19-8000-P,97,1570587029879,15.0,15.0,0.031,sell,1,8165.25,64.6
2019-10-09 02:10:41.500,44146111,BTC-18OCT19-8000-P,98,1570587041500,15.0,15.0,0.0305,sell,2,8166.13,63.89
2019-10-09 02:10:46.942,44146126,BTC-18OCT19-8000-P,100,1570587046942,7.0,7.0,0.03,sell,3,8166.93,63.06
2019-10-09 02:10:46.942,44146127,BTC-18OCT19-8000-P,101,1570587046942,15.0,15.0,0.03,sell,3,8166.93,63.06
2019-10-09 02:10:46.942,44146125,BTC-18OCT19-8000-P,99,1570587046942,11.8,11.8,0.03,sell,2,8166.93,63.06
2019-10-09 02:11:09.575,44146155,BTC-18OCT19-8000-P,102,1570587069575,15.0,15.0,0.0295,sell,2,8167.45,62.33
2019-10-09 02:11:09.575,44146156,BTC-18OCT19-8000-P,103,1570587069575,24.0,24.0,0.028999999999999998,sell,2,8167.45,61.52
2019-10-09 02:11:09.575,44146157,BTC-18OCT19-8000-P,104,1570587069575,9.0,9.0,0.028999999999999998,sell,3,8167.45,61.52
2019-10-09 03:35:58.094,44153996,BTC-18OCT19-8000-P,105,1570592158094,0.2,0.2,0.032,buy,0,8142.21,64.46
2019-10-09 03:35:58.094,44153997,BTC-18OCT19-8000-P,106,1570592158094,0.2,0.2,0.032,buy,1,8142.21,64.46
2019-10-09 04:54:09.216,44159081,BTC-18OCT19-8000-P,108,1570596849216,0.3,0.3,0.034,buy,1,8124.69,66.32
2019-10-09 04:54:09.216,44159080,BTC-18OCT19-8000-P,107,1570596849216,0.2,0.2,0.034,buy,0,8124.69,66.32
2019-10-09 07:18:24.565,44166693,BTC-18OCT19-8000-P,109,1570605504565,1.0,1.0,0.0315,sell,2,8163.77,66.15
2019-10-09 07:19:38.296,44167050,BTC-18OCT19-8000-P,110,1570605578296,2.0,2.0,0.0295,sell,2,8173.31,63.66
2019-10-09 07:21:17.459,44167283,BTC-18OCT19-8000-P,111,1570605677459,2.0,2.0,0.03,buy,0,8173.8,64.58
2019-10-09 07:24:02.452,44167448,BTC-18OCT19-8000-P,112,1570605842452,2.0,2.0,0.0295,sell,2,8175.05,63.88
2019-10-09 07:26:57.932,44167629,BTC-18OCT19-8000-P,113,1570606017932,2.0,2.0,0.0305,sell,0,8178.89,65.83
2019-10-09 07:29:26.327,44167912,BTC-18OCT19-8000-P,114,1570606166327,3.0,3.0,0.03,buy,2,8172.49,64.46
2019-10-09 11:52:01.553,44195373,BTC-18OCT19-8000-P,115,1570621921553,0.5,0.5,0.0285,buy,2,8192.85,64.37
2019-10-09 12:17:42.805,44196196,BTC-18OCT19-8000-P,116,1570623462805,0.2,0.2,0.028999999999999998,buy,0,8183.62,64.42
2019-10-09 14:06:11.424,44206986,BTC-18OCT19-8000-P,118,1570629971424,5.0,5.0,0.025,sell,3,8294.17,66.74
2019-10-09 14:06:11.424,44206985,BTC-18OCT19-8000-P,117,1570629971424,1.0,1.0,0.025,sell,2,8294.17,66.74
2019-10-09 14:12:22.376,44210214,BTC-18OCT19-8000-P,119,1570630342376,2.0,2.0,0.0235,sell,2,8284.47,63.62
2019-10-09 14:19:18.277,44213729,BTC-18OCT19-8000-P,120,1570630758277,0.6,0.6,0.023,sell,2,8330.78,66.09
2019-10-09 14:19:20.788,44214222,BTC-18OCT19-8000-P,121,1570630760788,0.7000000000000001,0.7000000000000001,0.023,sell,3,8349.9,67.64
2019-10-09 14:19:22.929,44214378,BTC-18OCT19-8000-P,122,1570630762929,3.5,3.5,0.023,sell,3,8349.9,67.71
2019-10-09 14:20:16.004,44217864,BTC-18OCT19-8000-P,123,1570630816004,0.3,0.3,0.021,sell,2,8395.51,67.37
2019-10-09 14:57:06.308,44240373,BTC-18OCT19-8000-P,124,1570633026308,1.0,1.0,0.02,sell,2,8438.33,68.5
2019-10-09 15:26:02.550,44264307,BTC-18OCT19-8000-P,125,1570634762550,10.8,10.8,0.0135,buy,2,8690.71,71.14
2019-10-09 15:26:19.558,44265939,BTC-18OCT19-8000-P,126,1570634779558,10.7,10.7,0.0145,buy,0,8649.38,71.49
2019-10-09 15:26:19.594,44265946,BTC-18OCT19-8000-P,127,1570634779594,0.4,0.4,0.0145,buy,1,8649.38,71.49
2019-10-09 15:26:20.404,44265981,BTC-18OCT19-8000-P,128,1570634780404,0.5,0.5,0.0145,buy,1,8646.34,70.94
2019-10-09 15:26:20.449,44265985,BTC-18OCT19-8000-P,129,1570634780449,0.6,0.6,0.0145,buy,1,8646.34,70.94
2019-10-09 15:26:20.508,44266001,BTC-18OCT19-8000-P,130,1570634780508,0.1,0.1,0.0145,buy,1,8646.34,70.94
2019-10-09 15:26:21.792,44266079,BTC-18OCT19-8000-P,131,1570634781792,0.2,0.2,0.0145,buy,1,8646.34,70.75
2019-10-09 15:26:21.798,44266081,BTC-18OCT19-8000-P,132,1570634781798,0.7000000000000001,0.7000000000000001,0.0145,buy,1,8646.34,70.75
2019-10-09 15:26:22.265,44266121,BTC-18OCT19-8000-P,133,1570634782265,0.3,0.3,0.0145,buy,1,8646.34,70.75
2019-10-09 15:26:22.346,44266124,BTC-18OCT19-8000-P,134,1570634782346,0.1,0.1,0.0145,buy,1,8646.34,70.75
2019-10-09 15:26:22.370,44266129,BTC-18OCT19-8000-P,135,1570634782370,0.6,0.6,0.0145,buy,1,8646.34,70.75
2019-10-09 15:38:56.552,44276385,BTC-18OCT19-8000-P,136,1570635536552,0.1,0.1,0.0175,buy,0,8575.57,72.82
2019-10-09 15:51:48.229,44279790,BTC-18OCT19-8000-P,138,1570636308229,8.9,8.9,0.0185,buy,1,8563.55,74.1
2019-10-09 15:51:48.229,44279789,BTC-18OCT19-8000-P,137,1570636308229,1.0,1.0,0.0185,buy,0,8563.55,74.1
2019-10-09 16:27:36.538,44293037,BTC-18OCT19-8000-P,139,1570638456538,0.4,0.4,0.016,buy,2,8597.68,71.17
2019-10-09 16:27:53.053,44293142,BTC-18OCT19-8000-P,140,1570638473053,19.6,19.6,0.016,buy,3,8597.61,71.12
2019-10-09 18:19:11.302,44318594,BTC-18OCT19-8000-P,141,1570645151302,2.5,2.5,0.0145,sell,2,8656.43,71.8
2019-10-09 18:25:31.627,44319800,BTC-18OCT19-8000-P,142,1570645531627,0.1,0.1,0.015,buy,0,8627.64,71.22
2019-10-09 18:38:01.396,44321748,BTC-18OCT19-8000-P,145,1570646281396,0.1,0.1,0.0155,buy,1,8614.39,71.46
2019-10-09 18:38:01.396,44321747,BTC-18OCT19-8000-P,144,1570646281396,1.0,1.0,0.0155,buy,1,8614.39,71.46
2019-10-09 18:38:01.396,44321746,BTC-18OCT19-8000-P,143,1570646281396,0.1,0.1,0.0155,buy,0,8614.39,71.46
2019-10-09 19:21:04.301,44324838,BTC-18OCT19-8000-P,147,1570648864301,1.9,1.9,0.017,buy,1,8592.23,73.38
2019-10-09 19:21:04.301,44324837,BTC-18OCT19-8000-P,146,1570648864301,12.0,12.0,0.017,buy,0,8592.23,73.38
2019-10-09 21:18:08.056,44330651,BTC-18OCT19-8000-P,148,1570655888056,10.0,10.0,0.0165,buy,2,8608.16,73.73
2019-10-09 21:58:32.440,44333871,BTC-18OCT19-8000-P,149,1570658312440,10.0,10.0,0.017,buy,0,8560.54,71.96
2019-10-09 22:00:17.941,44333899,BTC-18OCT19-8000-P,150,1570658417941,1.0,1.0,0.0165,buy,2,8559.53,70.85
2019-10-10 00:17:33.788,44344808,BTC-18OCT19-8000-P,151,1570666653788,15.0,15.0,0.015,buy,2,8604.32,70.79
2019-10-10 01:42:28.020,44347211,BTC-18OCT19-8000-P,152,1570671748020,0.1,0.1,0.015,buy,3,8571.67,69.01
2019-10-10 02:14:27.665,44347909,BTC-18OCT19-8000-P,153,1570673667665,1.0,1.0,0.0155,buy,0,8555.69,69.18
2019-10-10 02:14:27.665,44347910,BTC-18OCT19-8000-P,154,1570673667665,1.0,1.0,0.0155,buy,1,8555.69,69.18
2019-10-10 02:42:43.809,44349728,BTC-18OCT19-8000-P,155,1570675363809,4.0,4.0,0.015,sell,2,8556.59,68.23
2019-10-10 03:57:27.736,44353266,BTC-18OCT19-8000-P,156,1570679847736,0.1,0.1,0.015,buy,3,8568.13,69.18
2019-10-10 03:57:27.736,44353267,BTC-18OCT19-8000-P,157,1570679847736,0.5,0.5,0.015,buy,3,8568.13,69.18
2019-10-10 04:37:17.084,44354169,BTC-18OCT19-8000-P,158,1570682237084,0.2,0.2,0.013999999999999999,sell,2,8591.26,68.58
2019-10-10 04:47:25.851,44354446,BTC-18OCT19-8000-P,159,1570682845851,2.1,2.1,0.0145,buy,0,8582.2,69.14
2019-10-10 05:45:11.170,44355392,BTC-18OCT19-8000-P,160,1570686311170,0.1,0.1,0.0145,buy,1,8577.39,69.04
2019-10-10 05:49:13.256,44355463,BTC-18OCT19-8000-P,161,1570686553256,0.1,0.1,0.0145,buy,1,8571.68,68.67
2019-10-10 06:32:19.345,44356749,BTC-18OCT19-8000-P,162,1570689139345,0.1,0.1,0.013999999999999999,sell,2,8595.91,69.22
2019-10-10 07:58:17.779,44362060,BTC-18OCT19-8000-P,163,1570694297779,0.1,0.1,0.013000000000000001,buy,2,8625.2,68.98
2019-10-10 08:36:46.721,44365875,BTC-18OCT19-8000-P,164,1570696606721,0.1,0.1,0.0135,buy,0,8578.6,67.38
2019-10-10 09:44:49.830,44374333,BTC-18OCT19-8000-P,166,1570700689830,0.1,0.1,0.015,buy,1,8532.28,67.87
2019-10-10 09:44:49.830,44374332,BTC-18OCT19-8000-P,165,1570700689830,0.1,0.1,0.015,buy,0,8532.28,67.87
2019-10-10 10:32:15.461,44381917,BTC-18OCT19-8000-P,167,1570703535461,0.2,0.2,0.015,sell,1,8547.31,69.06
2019-10-10 10:39:49.793,44382242,BTC-18OCT19-8000-P,168,1570703989793,0.1,0.1,0.0135,buy,2,8541.85,65.4
2019-10-10 10:44:20.992,44382651,BTC-18OCT19-8000-P,169,1570704260992,0.1,0.1,0.013999999999999999,buy,0,8528.47,65.64
2019-10-10 12:39:19.257,44392727,BTC-18OCT19-8000-P,170,1570711159257,0.5,0.5,0.015,buy,0,8473.22,64.43
2019-10-10 13:36:12.817,44400322,BTC-18OCT19-8000-P,171,1570714572817,0.1,0.1,0.015,sell,1,8495.18,66.03
2019-10-10 13:36:12.817,44400323,BTC-18OCT19-8000-P,172,1570714572817,0.4,0.4,0.015,sell,1,8495.18,66.03
2019-10-10 15:42:37.226,44412439,BTC-18OCT19-8000-P,173,1570722157226,1.0,1.0,0.013999999999999999,sell,2,8544.54,67.53
2019-10-10 15:55:51.844,44413731,BTC-18OCT19-8000-P,174,1570722951844,15.0,15.0,0.0135,sell,2,8569.04,68.0
2019-10-10 21:35:01.870,44440651,BTC-18OCT19-8000-P,175,1570743301870,1.0,1.0,0.0135,buy,3,8556.78,68.23
2019-10-10 22:08:06.055,44442788,BTC-18OCT19-8000-P,176,1570745286055,1.0,1.0,0.0125,buy,2,8585.35,67.85
2019-10-10 22:40:45.097,44444753,BTC-18OCT19-8000-P,177,1570747245097,1.0,1.0,0.0125,sell,3,8569.15,66.92
2019-10-10 23:03:21.814,44446272,BTC-18OCT19-8000-P,178,1570748601814,4.0,4.0,0.012,sell,2,8591.62,67.21
2019-10-10 23:09:59.524,44446757,BTC-18OCT19-8000-P,179,1570748999524,2.5,2.5,0.012,sell,3,8584.26,66.79
2019-10-10 23:21:05.618,44447489,BTC-18OCT19-8000-P,180,1570749665618,0.1,0.1,0.012,sell,3,8577.63,66.39
2019-10-10 23:35:17.089,44448508,BTC-18OCT19-8000-P,181,1570750517089,0.1,0.1,0.0135,buy,0,8566.75,69.29
2019-10-11 00:02:58.556,44450493,BTC-18OCT19-8000-P,182,1570752178556,12.0,12.0,0.011000000000000001,sell,2,8591.33,64.89
2019-10-11 00:02:58.556,44450494,BTC-18OCT19-8000-P,183,1570752178556,8.0,8.0,0.011000000000000001,sell,3,8591.33,64.89
2019-10-11 00:34:14.008,44454287,BTC-18OCT19-8000-P,184,1570754054008,1.0,1.0,0.0125,buy,0,8553.39,66.17
2019-10-11 00:34:58.323,44454582,BTC-18OCT19-8000-P,185,1570754098323,1.0,1.0,0.013000000000000001,buy,0,8546.13,66.9
2019-10-11 00:36:38.163,44455205,BTC-18OCT19-8000-P,186,1570754198163,0.9,0.9,0.0135,buy,0,8533.95,67.29
2019-10-11 00:36:38.163,44455206,BTC-18OCT19-8000-P,187,1570754198163,1.0,1.0,0.0135,buy,1,8533.95,67.29
2019-10-11 02:40:32.196,44462235,BTC-18OCT19-8000-P,188,1570761632196,0.1,0.1,0.0125,sell,2,8546.89,66.22
2019-10-11 02:49:52.833,44462389,BTC-18OCT19-8000-P,189,1570762192833,8.0,8.0,0.012,sell,2,8543.56,64.8
2019-10-11 02:49:52.833,44462390,BTC-18OCT19-8000-P,190,1570762192833,6.9,6.9,0.012,sell,3,8543.56,64.8
2019-10-11 03:34:24.587,44464769,BTC-18OCT19-8000-P,191,1570764864587,3.0,3.0,0.0115,sell,2,8579.8,66.07
2019-10-11 03:49:09.167,44465267,BTC-18OCT19-8000-P,192,1570765749167,10.0,10.0,0.0115,sell,3,8570.25,65.49
2019-10-11 04:45:11.342,44470316,BTC-18OCT19-8000-P,193,1570769111342,0.1,0.1,0.011000000000000001,sell,2,8634.36,68.39
2019-10-11 04:46:20.426,44473449,BTC-18OCT19-8000-P,195,1570769180426,0.1,0.1,0.01,sell,3,8685.63,68.74
2019-10-11 04:46:20.426,44473448,BTC-18OCT19-8000-P,194,1570769180426,1.0,1.0,0.01,sell,2,8685.63,68.74
2019-10-11 04:46:39.407,44474617,BTC-18OCT19-8000-P,196,1570769199407,1.0,1.0,0.0085,buy,2,8716.61,66.5
2019-10-11 04:49:43.718,44479963,BTC-18OCT19-8000-P,197,1570769383718,1.0,1.0,0.0085,buy,3,8741.54,68.02
2019-10-11 04:50:27.030,44480611,BTC-18OCT19-8000-P,198,1570769427030,0.1,0.1,0.009000000000000001,buy,0,8736.74,69.21
2019-10-11 04:58:53.971,44483470,BTC-18OCT19-8000-P,199,1570769933971,0.1,0.1,0.009000000000000001,sell,1,8732.36,68.94
2019-10-11 04:58:53.971,44483471,BTC-18OCT19-8000-P,200,1570769933971,2.9,2.9,0.009000000000000001,sell,1,8732.36,68.94
2019-10-11 05:01:43.158,44487155,BTC-18OCT19-8000-P,201,1570770103158,1.0,1.0,0.0085,buy,2,8803.25,71.84
2019-10-11 05:01:55.462,44487565,BTC-18OCT19-8000-P,202,1570770115462,1.0,1.0,0.0085,buy,3,8772.82,69.79
2019-10-11 05:07:12.817,44493740,BTC-18OCT19-8000-P,204,1570770432817,1.0,1.0,0.0105,buy,1,8711.3,71.93
2019-10-11 05:07:12.817,44493739,BTC-18OCT19-8000-P,203,1570770432817,0.1,0.1,0.0105,buy,0,8711.3,71.93
2019-10-11 05:15:28.158,44498150,BTC-18OCT19-8000-P,205,1570770928158,1.0,1.0,0.011000000000000001,buy,0,8657.8,70.04
2019-10-11 05:15:28.158,44498151,BTC-18OCT19-8000-P,206,1570770928158,0.1,0.1,0.011000000000000001,buy,1,8657.8,70.04
2019-10-11 05:15:45.960,44499080,BTC-18OCT19-8000-P,207,1570770945960,0.6,0.6,0.0115,buy,0,8608.58,68.6
2019-10-11 05:15:48.220,44499327,BTC-18OCT19-8000-P,208,1570770948220,0.4,0.4,0.0115,buy,1,8607.3,68.17
2019-10-11 05:15:51.660,44499748,BTC-18OCT19-8000-P,209,1570770951660,0.6,0.6,0.0125,buy,0,8583.71,69.36
2019-10-11 05:15:57.887,44500241,BTC-18OCT19-8000-P,210,1570770957887,0.6,0.6,0.0125,buy,1,8561.59,68.15
2019-10-11 05:15:58.924,44500306,BTC-18OCT19-8000-P,211,1570770958924,2.8000000000000003,2.8000000000000003,0.0125,buy,1,8560.82,67.57
2019-10-11 05:17:05.728,44503564,BTC-18OCT19-8000-P,212,1570771025728,0.1,0.1,0.0135,buy,0,8529.79,67.93
2019-10-11 05:17:15.804,44504686,BTC-18OCT19-8000-P,213,1570771035804,0.2,0.2,0.013999999999999999,buy,0,8509.47,67.63
2019-10-11 05:17:20.051,44505027,BTC-18OCT19-8000-P,214,1570771040051,0.1,0.1,0.015,buy,0,8493.33,69.21
2019-10-11 05:18:17.330,44508182,BTC-18OCT19-8000-P,215,1570771097330,0.5,0.5,0.013999999999999999,buy,2,8547.73,70.26
2019-10-11 05:23:37.158,44515601,BTC-18OCT19-8000-P,216,1570771417158,0.3,0.3,0.0135,buy,2,8544.44,69.0
2019-10-11 05:35:09.130,44536430,BTC-18OCT19-8000-P,217,1570772109130,5.0,5.0,0.0175,buy,0,8443.27,70.77
2019-10-11 05:40:32.368,44539170,BTC-18OCT19-8000-P,218,1570772432368,0.1,0.1,0.018000000000000002,buy,0,8443.8,71.9
2019-10-11 05:56:20.147,44544724,BTC-18OCT19-8000-P,219,1570773380147,3.0,3.0,0.0175,sell,2,8445.35,70.91
2019-10-11 06:39:51.289,44558062,BTC-18OCT19-8000-P,220,1570775991289,1.0,1.0,0.0175,buy,3,8414.59,68.82
2019-10-11 06:42:45.068,44558731,BTC-18OCT19-8000-P,221,1570776165068,0.5,0.5,0.018000000000000002,buy,0,8399.93,68.77
2019-10-11 06:42:45.068,44558732,BTC-18OCT19-8000-P,222,1570776165068,1.5,1.5,0.018000000000000002,buy,1,8399.93,68.77
2019-10-11 06:42:45.068,44558733,BTC-18OCT19-8000-P,223,1570776165068,1.0,1.0,0.018000000000000002,buy,1,8399.93,68.77
2019-10-11 07:06:05.402,44562772,BTC-18OCT19-8000-P,224,1570777565402,1.0,1.0,0.017,sell,2,8434.53,69.32
2019-10-11 07:12:04.597,44563298,BTC-18OCT19-8000-P,225,1570777924597,0.1,0.1,0.0165,sell,2,8441.36,68.78
2019-10-11 07:26:13.923,44565143,BTC-18OCT19-8000-P,226,1570778773923,0.1,0.1,0.0175,buy,0,8412.84,68.85
2019-10-11 07:29:50.578,44565520,BTC-18OCT19-8000-P,227,1570778990578,0.1,0.1,0.0165,sell,2,8405.78,66.19
2019-10-11 07:38:26.714,44566626,BTC-18OCT19-8000-P,228,1570779506714,2.5,2.5,0.0165,sell,3,8400.72,65.83
2019-10-11 07:44:19.736,44567284,BTC-18OCT19-8000-P,229,1570779859736,0.1,0.1,0.017,buy,0,8405.87,67.41
2019-10-11 07:53:19.403,44568788,BTC-18OCT19-8000-P,230,1570780399403,6.0,6.0,0.0165,sell,2,8410.23,66.57
2019-10-11 07:55:01.799,44568877,BTC-18OCT19-8000-P,231,1570780501799,5.0,5.0,0.0165,sell,3,8411.95,66.71
2019-10-11 07:55:03.768,44568884,BTC-18OCT19-8000-P,232,1570780503768,4.0,4.0,0.0165,sell,3,8411.94,66.71
2019-10-11 07:57:12.228,44569301,BTC-18OCT19-8000-P,233,1570780632228,1.0,1.0,0.0165,buy,3,8404.1,66.05
2019-10-11 08:03:25.880,44570700,BTC-18OCT19-8000-P,234,1570781005880,6.0,6.0,0.017,buy,0,8378.81,65.35
2019-10-11 08:05:19.063,44571206,BTC-18OCT19-8000-P,235,1570781119063,5.0,5.0,0.016,buy,2,8394.49,64.38
2019-10-11 08:05:55.702,44571314,BTC-18OCT19-8000-P,236,1570781155702,15.0,15.0,0.016,buy,3,8395.26,64.45
2019-10-11 08:05:59.149,44571322,BTC-18OCT19-8000-P,237,1570781159149,5.0,5.0,0.016,buy,3,8395.16,64.44
2019-10-11 08:06:03.899,44571359,BTC-18OCT19-8000-P,238,1570781163899,1.0,1.0,0.0165,buy,0,8394.6,65.48
2019-10-11 08:06:22.969,44571522,BTC-18OCT19-8000-P,239,1570781182969,1.0,1.0,0.0165,buy,1,8389.81,65.16
2019-10-11 08:06:30.677,44572746,BTC-18OCT19-8000-P,240,1570781190677,1.0,1.0,0.017,buy,0,8359.56,64.32
2019-10-11 08:06:33.209,44573081,BTC-18OCT19-8000-P,241,1570781193209,0.9,0.9,0.0175,buy,0,8356.88,64.76
2019-10-11 08:09:53.772,44576598,BTC-18OCT19-8000-P,242,1570781393772,2.0,2.0,0.0175,buy,1,8361.65,65.1
2019-10-11 08:11:02.576,44576989,BTC-18OCT19-8000-P,243,1570781462576,3.0,3.0,0.018000000000000002,buy,0,8344.48,64.78
2019-10-11 08:13:34.469,44578027,BTC-18OCT19-8000-P,244,1570781614469,1.5,1.5,0.0185,buy,0,8331.66,64.88
2019-10-11 08:22:53.412,44580971,BTC-18OCT19-8000-P,245,1570782173412,0.1,0.1,0.017,sell,2,8360.4,64.0
2019-10-11 08:28:10.113,44581367,BTC-18OCT19-8000-P,246,1570782490113,3.0,3.0,0.017,sell,3,8359.88,63.97
2019-10-11 08:32:41.993,44581872,BTC-18OCT19-8000-P,247,1570782761993,0.8,0.8,0.017,sell,3,8368.16,64.61
2019-10-11 08:32:41.998,44581873,BTC-18OCT19-8000-P,248,1570782761998,4.2,4.2,0.017,buy,3,8368.16,64.61
2019-10-11 08:34:51.597,44581987,BTC-18OCT19-8000-P,249,1570782891597,4.5,4.5,0.0165,sell,2,8368.8,63.64
2019-10-11 08:41:51.539,44582367,BTC-18OCT19-8000-P,250,1570783311539,1.0,1.0,0.017,buy,0,8368.02,64.68
2019-10-11 09:13:45.352,44584385,BTC-18OCT19-8000-P,251,1570785225352,1.6,1.6,0.0165,buy,2,8381.73,64.75
2019-10-11 09:19:35.477,44584900,BTC-18OCT19-8000-P,252,1570785575477,1.1,1.1,0.016,sell,2,8359.7,62.02
2019-10-11 10:13:25.063,44587045,BTC-18OCT19-8000-P,253,1570788805063,3.0,3.0,0.016,sell,3,8353.64,61.73
2019-10-11 10:34:58.214,44587503,BTC-18OCT19-8000-P,254,1570790098214,0.2,0.2,0.017,buy,0,8366.92,64.96
2019-10-11 10:48:41.567,44588026,BTC-18OCT19-8000-P,255,1570790921567,1.0,1.0,0.016,sell,2,8382.32,64.05
2019-10-11 11:38:55.414,44595506,BTC-18OCT19-8000-P,256,1570793935414,0.2,0.2,0.0175,sell,0,8324.38,62.86
2019-10-11 13:12:29.012,44602911,BTC-18OCT19-8000-P,257,1570799549012,0.4,0.4,0.017,sell,2,8340.99,63.38
2019-10-11 13:59:56.178,44605008,BTC-18OCT19-8000-P,258,1570802396178,0.1,0.1,0.016,sell,2,8352.24,62.26
2019-10-11 14:13:39.605,44606278,BTC-18OCT19-8000-P,259,1570803219605,0.4,0.4,0.0165,sell,0,8331.54,61.76
2019-10-11 14:25:42.067,44607036,BTC-18OCT19-8000-P,260,1570803942067,2.0,2.0,0.017,buy,0,8314.56,61.48
2019-10-11 14:43:44.503,44609125,BTC-18OCT19-8000-P,261,1570805024503,0.1,0.1,0.017,buy,1,8327.31,62.53
2019-10-11 15:04:34.247,44610771,BTC-18OCT19-8000-P,262,1570806274247,1.0,1.0,0.0175,buy,0,8301.75,61.65
2019-10-11 15:15:50.200,44611635,BTC-18OCT19-8000-P,263,1570806950200,0.4,0.4,0.016,sell,2,8333.89,61.09
2019-10-11 15:22:32.556,44611897,BTC-18OCT19-8000-P,264,1570807352556,2.0,2.0,0.0155,sell,2,8343.92,60.81
2019-10-11 15:24:18.331,44611986,BTC-18OCT19-8000-P,266,1570807458331,24.0,24.0,0.015,sell,3,8340.99,59.52
2019-10-11 15:24:18.331,44611985,BTC-18OCT19-8000-P,265,1570807458331,0.1,0.1,0.015,sell,2,8340.99,59.52
2019-10-11 15:24:18.338,44611987,BTC-18OCT19-8000-P,267,1570807458338,3.8,3.8,0.015,buy,3,8340.99,59.52
2019-10-11 15:30:25.609,44612362,BTC-18OCT19-8000-P,268,1570807825609,1.0,1.0,0.016,buy,0,8329.0,60.72
2019-10-11 15:35:44.540,44612742,BTC-18OCT19-8000-P,269,1570808144540,3.0,3.0,0.0165,sell,0,8331.39,62.01
2019-10-11 21:15:03.491,44637347,BTC-18OCT19-8000-P,270,1570828503491,0.5,0.5,0.016,buy,2,8328.74,61.77
2019-10-11 23:03:32.355,44640419,BTC-18OCT19-8000-P,271,1570835012355,0.1,0.1,0.0145,sell,2,8322.15,58.44
2019-10-11 23:25:13.401,44640955,BTC-18OCT19-8000-P,272,1570836313401,0.2,0.2,0.015,buy,0,8312.32,58.83
2019-10-11 23:25:13.401,44640956,BTC-18OCT19-8000-P,273,1570836313401,1.0,1.0,0.015,buy,1,8312.32,58.83
2019-10-11 23:46:53.106,44643117,BTC-18OCT19-8000-P,274,1570837613106,11.0,11.0,0.016,buy,0,8279.09,58.94
2019-10-11 23:46:55.366,44643405,BTC-18OCT19-8000-P,275,1570837615366,0.4,0.4,0.016,buy,1,8270.64,57.65
2019-10-11 23:46:56.225,44643507,BTC-18OCT19-8000-P,276,1570837616225,0.4,0.4,0.016,buy,1,8271.29,57.52
2019-10-11 23:46:56.789,44643579,BTC-18OCT19-8000-P,277,1570837616789,14.0,14.0,0.016,buy,1,8271.29,57.52
2019-10-11 23:46:56.810,44643585,BTC-18OCT19-8000-P,278,1570837616810,0.4,0.4,0.016,buy,1,8271.29,57.52
2019-10-11 23:47:03.840,44643933,BTC-18OCT19-8000-P,279,1570837623840,0.4,0.4,0.016,buy,1,8256.12,56.73
2019-10-11 23:47:05.499,44644326,BTC-18OCT19-8000-P,280,1570837625499,0.4,0.4,0.016,buy,1,8249.41,56.06
2019-10-11 23:47:05.732,44644371,BTC-18OCT19-8000-P,281,1570837625732,0.4,0.4,0.016,buy,1,8249.41,56.06
2019-10-11 23:47:05.880,44644379,BTC-18OCT19-8000-P,282,1570837625880,0.4,0.4,0.016,buy,1,8249.41,56.06
2019-10-11 23:47:05.931,44644385,BTC-18OCT19-8000-P,283,1570837625931,0.4,0.4,0.016,buy,1,8249.41,56.06
2019-10-11 23:47:06.159,44644407,BTC-18OCT19-8000-P,284,1570837626159,0.4,0.4,0.016,buy,1,8249.87,55.69
2019-10-11 23:47:09.487,44644746,BTC-18OCT19-8000-P,285,1570837629487,10.9,10.9,0.016,buy,1,8238.63,54.63
2019-10-11 23:47:49.339,44646420,BTC-18OCT19-8000-P,286,1570837669339,0.4,0.4,0.019,buy,0,8249.7,62.05
2019-10-11 23:47:49.339,44646421,BTC-18OCT19-8000-P,287,1570837669339,2.0,2.0,0.019,buy,1,8249.7,62.05
2019-10-12 02:10:35.405,44656898,BTC-18OCT19-8000-P,288,1570846235405,0.1,0.1,0.0155,buy,2,8332.66,62.14
2019-10-12 05:36:54.255,44661747,BTC-18OCT19-8000-P,289,1570858614255,0.7000000000000001,0.7000000000000001,0.013000000000000001,sell,2,8355.09,58.89
2019-10-12 05:37:37.110,44661754,BTC-18OCT19-8000-P,290,1570858657110,0.1,0.1,0.012,sell,2,8355.22,56.55
2019-10-12 07:50:36.800,44665816,BTC-18OCT19-8000-P,291,1570866636800,0.1,0.1,0.0135,buy,0,8348.14,59.93
2019-10-12 09:25:00.164,44667755,BTC-18OCT19-8000-P,293,1570872300164,0.2,0.2,0.012,sell,2,8361.05,57.68
2019-10-12 09:25:00.164,44667756,BTC-18OCT19-8000-P,294,1570872300164,4.0,4.0,0.012,sell,3,8361.05,57.68
2019-10-12 09:25:00.164,44667754,BTC-18OCT19-8000-P,292,1570872300164,0.8,0.8,0.0125,sell,2,8361.05,58.88
2019-10-12 10:03:12.821,44668685,BTC-18OCT19-8000-P,295,1570874592821,1.0,1.0,0.013999999999999999,buy,0,8339.68,60.8
2019-10-12 11:30:28.801,44672538,BTC-18OCT19-8000-P,296,1570879828801,0.8,0.8,0.013999999999999999,sell,1,8341.84,61.28
2019-10-12 12:23:57.466,44673808,BTC-18OCT19-8000-P,297,1570883037466,0.1,0.1,0.013999999999999999,sell,1,8326.72,60.21
2019-10-12 12:38:14.926,44674150,BTC-18OCT19-8000-P,298,1570883894926,0.9,0.9,0.013999999999999999,sell,1,8329.07,60.42
2019-10-12 13:00:33.851,44674618,BTC-18OCT19-8000-P,299,1570885233851,1.3,1.3,0.0135,sell,2,8345.82,60.77
2019-10-12 13:59:16.988,44676035,BTC-18OCT19-8000-P,300,1570888756988,0.5,0.5,0.013000000000000001,sell,2,8338.71,59.21
2019-10-12 16:00:04.871,44685225,BTC-18OCT19-8000-P,301,1570896004871,0.8,0.8,0.0125,buy,2,8390.49,62.57
2019-10-12 16:13:23.493,44686835,BTC-18OCT19-8000-P,302,1570896803493,0.2,0.2,0.0125,buy,3,8355.49,59.89
2019-10-12 16:18:24.482,44687308,BTC-18OCT19-8000-P,303,1570897104482,0.1,0.1,0.0145,buy,0,8363.67,65.44
2019-10-12 16:18:24.482,44687309,BTC-18OCT19-8000-P,304,1570897104482,0.1,0.1,0.0145,buy,1,8363.67,65.44
2019-10-12 18:00:58.881,44690795,BTC-18OCT19-8000-P,305,1570903258881,0.5,0.5,0.0125,sell,2,8330.78,58.16
2019-10-12 18:58:21.717,44693678,BTC-18OCT19-8000-P,306,1570906701717,0.4,0.4,0.0125,sell,3,8322.05,57.7
2019-10-12 18:58:21.717,44693679,BTC-18OCT19-8000-P,307,1570906701717,0.4,0.4,0.0125,sell,3,8322.05,57.7
2019-10-12 18:58:21.717,44693680,BTC-18OCT19-8000-P,308,1570906701717,1.2,1.2,0.0125,sell,3,8322.05,57.7
2019-10-12 20:53:22.316,44697461,BTC-18OCT19-8000-P,309,1570913602316,1.0,1.0,0.0125,sell,3,8349.81,60.47
2019-10-12 20:53:22.316,44697462,BTC-18OCT19-8000-P,310,1570913602316,4.0,4.0,0.012,sell,2,8349.81,59.22
2019-10-13 00:04:01.040,44702511,BTC-18OCT19-8000-P,311,1570925041040,0.5,0.5,0.013999999999999999,buy,0,8296.18,60.22
2019-10-13 00:04:01.040,44702512,BTC-18OCT19-8000-P,312,1570925041040,1.0,1.0,0.013999999999999999,buy,1,8296.18,60.22
2019-10-13 01:22:58.234,44705349,BTC-18OCT19-8000-P,313,1570929778234,0.1,0.1,0.012,sell,2,8359.12,61.06
2019-10-13 01:28:46.320,44705507,BTC-18OCT19-8000-P,314,1570930126320,0.1,0.1,0.0115,buy,2,8353.81,59.29
2019-10-13 04:05:53.470,44708618,BTC-18OCT19-8000-P,315,1570939553470,3.0,3.0,0.0105,sell,2,8359.57,57.83
2019-10-13 05:23:08.816,44710013,BTC-18OCT19-8000-P,316,1570944188816,0.2,0.2,0.0125,buy,0,8327.06,60.51
2019-10-13 05:49:28.681,44710475,BTC-18OCT19-8000-P,317,1570945768681,0.6,0.6,0.013999999999999999,buy,0,8332.1,64.8
2019-10-13 07:26:28.776,44712610,BTC-18OCT19-8000-P,318,1570951588776,0.1,0.1,0.012,sell,2,8339.49,60.84
2019-10-13 10:31:35.501,44717630,BTC-18OCT19-8000-P,319,1570962695501,0.1,0.1,0.0125,buy,0,8347.47,63.64
2019-10-13 10:31:35.501,44717631,BTC-18OCT19-8000-P,320,1570962695501,0.2,0.2,0.0125,buy,1,8347.47,63.64
2019-10-13 10:31:35.501,44717632,BTC-18OCT19-8000-P,321,1570962695501,1.6,1.6,0.0125,buy,1,8347.47,63.64
2019-10-13 11:39:21.345,44719829,BTC-18OCT19-8000-P,322,1570966761345,4.9,4.9,0.012,sell,2,8386.64,65.86
2019-10-13 12:50:45.197,44729423,BTC-18OCT19-8000-P,323,1570971045197,0.1,0.1,0.011000000000000001,sell,2,8441.97,68.29
2019-10-13 13:21:39.908,44732886,BTC-18OCT19-8000-P,324,1570972899908,0.4,0.4,0.0105,buy,2,8419.33,65.02
2019-10-13 13:22:24.496,44732928,BTC-18OCT19-8000-P,325,1570972944496,0.4,0.4,0.0105,sell,3,8422.51,65.27
2019-10-13 16:01:39.663,44742517,BTC-18OCT19-8000-P,326,1570982499663,0.4,0.4,0.0105,buy,3,8430.72,66.79
2019-10-13 16:13:29.777,44743687,BTC-18OCT19-8000-P,327,1570983209777,1.0,1.0,0.01,sell,2,8444.3,66.51
2019-10-13 16:17:56.907,44744193,BTC-18OCT19-8000-P,328,1570983476907,1.0,1.0,0.01,sell,3,8447.19,66.77
2019-10-13 16:18:00.892,44744220,BTC-18OCT19-8000-P,329,1570983480892,1.0,1.0,0.01,sell,3,8446.91,66.75
2019-10-13 16:18:57.392,44744343,BTC-18OCT19-8000-P,330,1570983537392,1.0,1.0,0.0095,buy,2,8438.82,64.55
2019-10-13 16:28:46.333,44745316,BTC-18OCT19-8000-P,331,1570984126333,0.1,0.1,0.009000000000000001,sell,2,8455.92,64.51
2019-10-13 16:42:14.655,44746636,BTC-18OCT19-8000-P,333,1570984934655,1.0,1.0,0.0095,buy,1,8458.6,66.3
2019-10-13 16:42:14.655,44746635,BTC-18OCT19-8000-P,332,1570984934655,1.0,1.0,0.0095,buy,0,8458.6,66.3
2019-10-13 16:42:18.662,44746639,BTC-18OCT19-8000-P,334,1570984938662,1.0,1.0,0.0095,buy,1,8458.6,66.3
2019-10-13 16:42:18.662,44746640,BTC-18OCT19-8000-P,335,1570984938662,1.0,1.0,0.0095,buy,1,8458.6,66.3
2019-10-13 16:42:20.433,44746641,BTC-18OCT19-8000-P,336,1570984940433,1.0,1.0,0.0095,buy,1,8458.6,66.3
2019-10-13 16:44:18.294,44746730,BTC-18OCT19-8000-P,339,1570985058294,0.2,0.2,0.0105,buy,0,8453.94,68.93
2019-10-13 16:44:18.294,44746731,BTC-18OCT19-8000-P,340,1570985058294,0.9,0.9,0.0105,buy,1,8453.94,68.93
2019-10-13 16:44:18.294,44746728,BTC-18OCT19-8000-P,337,1570985058294,1.0,1.0,0.01,buy,0,8453.94,67.44
2019-10-13 16:44:18.294,44746729,BTC-18OCT19-8000-P,338,1570985058294,0.4,0.4,0.01,buy,1,8453.94,67.44
2019-10-13 16:44:31.225,44746737,BTC-18OCT19-8000-P,341,1570985071225,1.0,1.0,0.01,buy,2,8453.32,67.38
2019-10-13 16:53:18.920,44747227,BTC-18OCT19-8000-P,342,1570985598920,4.6000000000000005,4.6000000000000005,0.009000000000000001,sell,2,8440.09,63.35
2019-10-13 16:53:18.920,44747228,BTC-18OCT19-8000-P,343,1570985598920,2.0,2.0,0.009000000000000001,sell,3,8440.09,63.35
2019-10-13 16:53:18.920,44747229,BTC-18OCT19-8000-P,344,1570985598920,6.0,6.0,0.009000000000000001,sell,3,8440.09,63.35
2019-10-13 16:53:18.920,44747230,BTC-18OCT19-8000-P,345,1570985598920,0.2,0.2,0.0085,sell,2,8440.09,61.82
2019-10-13 16:53:18.920,44747231,BTC-18OCT19-8000-P,346,1570985598920,7.2,7.2,0.0085,sell,3,8440.09,61.82
2019-10-13 19:18:01.030,44751254,BTC-18OCT19-8000-P,347,1570994281030,0.1,0.1,0.009000000000000001,sell,0,8435.48,63.68
2019-10-13 20:09:31.340,44755618,BTC-18OCT19-8000-P,348,1570997371340,0.4,0.4,0.012,buy,0,8361.39,66.11
2019-10-13 20:09:32.846,44755700,BTC-18OCT19-8000-P,349,1570997372846,0.4,0.4,0.012,sell,1,8364.12,66.53
2019-10-13 20:11:33.723,44758087,BTC-18OCT19-8000-P,350,1570997493723,0.8,0.8,0.013000000000000001,buy,0,8321.66,65.3
2019-10-13 20:11:33.989,44758096,BTC-18OCT19-8000-P,351,1570997493989,0.2,0.2,0.013000000000000001,buy,1,8321.66,65.3
2019-10-13 20:15:57.996,44764426,BTC-18OCT19-8000-P,352,1570997757996,3.5,3.5,0.015,buy,0,8272.14,65.89
2019-10-13 20:15:57.996,44764427,BTC-18OCT19-8000-P,353,1570997757996,0.3,0.3,0.015,buy,1,8272.14,65.89
2019-10-13 20:16:29.122,44766341,BTC-18OCT19-8000-P,354,1570997789122,3.5,3.5,0.0175,buy,0,8203.18,64.9
2019-10-13 20:16:40.782,44767768,BTC-18OCT19-8000-P,355,1570997800782,0.8,0.8,0.0195,buy,0,8160.09,65.22
2019-10-13 20:16:40.820,44767772,BTC-18OCT19-8000-P,356,1570997800820,0.8,0.8,0.0195,buy,1,8160.09,65.22
2019-10-13 20:19:26.827,44773527,BTC-18OCT19-8000-P,357,1570997966827,0.4,0.4,0.0145,sell,2,8213.85,58.67
2019-10-13 20:19:26.827,44773528,BTC-18OCT19-8000-P,358,1570997966827,0.1,0.1,0.0145,sell,3,8213.85,58.67
2019-10-13 20:37:04.907,44779851,BTC-18OCT19-8000-P,359,1570999024907,0.7000000000000001,0.7000000000000001,0.0165,buy,0,8252.65,67.79
2019-10-13 22:13:23.575,44785470,BTC-18OCT19-8000-P,360,1571004803575,1.0,1.0,0.015,sell,2,8268.44,66.08
2019-10-13 23:19:01.911,44790624,BTC-18OCT19-8000-P,361,1571008741911,2.0,2.0,0.0135,sell,2,8314.27,67.04
2019-10-14 00:50:04.183,44795072,BTC-18OCT19-8000-P,362,1571014204183,0.4,0.4,0.015,buy,0,8275.2,67.63
2019-10-14 00:50:04.183,44795073,BTC-18OCT19-8000-P,363,1571014204183,0.1,0.1,0.015,buy,1,8275.2,67.63
2019-10-14 01:23:13.969,44795770,BTC-18OCT19-8000-P,364,1571016193969,0.6,0.6,0.0135,sell,2,8286.57,64.94
2019-10-14 02:10:45.489,44797043,BTC-18OCT19-8000-P,365,1571019045489,3.0,3.0,0.0135,sell,3,8297.75,66.34
2019-10-14 02:23:59.232,44797183,BTC-18OCT19-8000-P,366,1571019839232,1.4000000000000001,1.4000000000000001,0.0135,sell,3,8306.14,67.16
2019-10-14 02:41:01.415,44797582,BTC-18OCT19-8000-P,367,1571020861415,1.0,1.0,0.0125,buy,2,8300.18,63.95
2019-10-14 05:43:49.349,44802735,BTC-18OCT19-8000-P,368,1571031829349,5.0,5.0,0.0125,sell,3,8318.81,66.8
2019-10-14 06:02:41.128,44803401,BTC-18OCT19-8000-P,369,1571032961128,1.0,1.0,0.012,sell,2,8318.18,65.45
2019-10-14 07:38:50.896,44805142,BTC-18OCT19-8000-P,370,1571038730896,2.0,2.0,0.0115,buy,2,8305.99,63.35
2019-10-14 07:50:22.252,44805733,BTC-18OCT19-8000-P,371,1571039422252,1.5,1.5,0.012,sell,0,8300.65,64.32
2019-10-14 07:59:53.803,44805973,BTC-18OCT19-8000-P,372,1571039993803,1.0,1.0,0.0125,buy,0,8307.82,66.42
2019-10-14 08:04:11.640,44806203,BTC-18OCT19-8000-P,373,1571040251640,0.1,0.1,0.012,sell,2,8316.59,65.94
2019-10-14 08:32:26.083,44806609,BTC-18OCT19-8000-P,374,1571041946083,1.0,1.0,0.011,sell,2,8317.05,63.22
2019-10-14 08:53:01.855,44806968,BTC-18OCT19-8000-P,375,1571043181855,1.0,1.0,0.0095,sell,2,8310.96,58.32
2019-10-14 08:53:01.855,44806969,BTC-18OCT19-8000-P,376,1571043181855,2.0,2.0,0.0095,sell,3,8310.96,58.32
2019-10-14 08:53:01.857,44806970,BTC-18OCT19-8000-P,377,1571043181857,1.0,1.0,0.0095,buy,3,8310.96,58.32
2019-10-14 12:47:00.161,44817931,BTC-18OCT19-8000-P,378,1571057220161,1.5,1.5,0.012,buy,0,8271.88,63.01
2019-10-14 12:47:00.161,44817932,BTC-18OCT19-8000-P,379,1571057220161,4.5,4.5,0.0125,buy,0,8271.88,64.44
2019-10-14 12:52:47.868,44818398,BTC-18OCT19-8000-P,380,1571057567868,0.5,0.5,0.0115,buy,2,8266.62,61.06
2019-10-14 14:07:04.992,44821709,BTC-18OCT19-8000-P,381,1571062024992,0.7000000000000001,0.7000000000000001,0.01,sell,2,8286.4,59.09
2019-10-14 14:41:03.024,44822639,BTC-18OCT19-8000-P,382,1571064063024,0.4,0.4,0.011,buy,0,8278.91,61.51
2019-10-14 14:41:03.024,44822640,BTC-18OCT19-8000-P,383,1571064063024,2.6,2.6,0.011,buy,1,8278.91,61.51
2019-10-14 15:57:21.913,44825748,BTC-18OCT19-8000-P,384,1571068641913,0.1,0.1,0.012,buy,0,8258.29,62.66
2019-10-14 16:11:16.645,44826382,BTC-18OCT19-8000-P,385,1571069476645,1.0,1.0,0.01,sell,2,8264.57,57.54
2019-10-14 16:21:05.596,44826934,BTC-18OCT19-8000-P,386,1571070065596,2.3000000000000003,2.3000000000000003,0.0115,buy,0,8260.65,61.64
2019-10-14 16:21:05.596,44826935,BTC-18OCT19-8000-P,387,1571070065596,0.7000000000000001,0.7000000000000001,0.0115,buy,1,8260.65,61.64
2019-10-14 16:36:49.903,44836939,BTC-18OCT19-8000-P,388,1571071009903,0.1,0.1,0.008,sell,2,8399.29,64.11
2019-10-14 16:46:40.206,44842807,BTC-18OCT19-8000-P,389,1571071600206,1.0,1.0,0.009,sell,0,8335.78,61.79
2019-10-14 16:48:05.137,44843215,BTC-18OCT19-8000-P,390,1571071685137,0.8,0.8,0.009,sell,1,8349.22,63.05
2019-10-14 16:48:06.684,44843368,BTC-18OCT19-8000-P,391,1571071686684,8.2,8.2,0.009,sell,1,8359.89,63.74
2019-10-14 16:48:06.684,44843369,BTC-18OCT19-8000-P,392,1571071686684,0.1,0.1,0.009,sell,1,8359.89,63.74
2019-10-14 17:00:58.319,44845658,BTC-18OCT19-8000-P,393,1571072458319,0.1,0.1,0.009,sell,1,8352.57,63.45
2019-10-14 20:14:29.933,44857657,BTC-18OCT19-8000-P,394,1571084069933,0.1,0.1,0.0085,buy,2,8338.86,61.63
2019-10-14 21:11:56.866,44860547,BTC-18OCT19-8000-P,395,1571087516866,0.2,0.2,0.009,buy,0,8297.11,59.87
2019-10-14 21:47:19.642,44867362,BTC-18OCT19-8000-P,396,1571089639642,2.0,2.0,0.01,buy,0,8326.63,65.95
2019-10-15 00:17:58.285,44874758,BTC-18OCT19-8000-P,398,1571098678285,7.0,7.0,0.008,sell,3,8385.32,65.82
2019-10-15 00:17:58.285,44874757,BTC-18OCT19-8000-P,397,1571098678285,5.0,5.0,0.008,sell,2,8385.32,65.82
2019-10-15 07:42:16.021,44891665,BTC-18OCT19-8000-P,399,1571125336021,20.0,20.0,0.009,buy,0,8302.32,64.17
2019-10-15 07:57:21.313,44892728,BTC-18OCT19-8000-P,400,1571126241313,0.4,0.4,0.009,sell,1,8287.88,62.71
2019-10-15 07:57:25.603,44892730,BTC-18OCT19-8000-P,401,1571126245603,0.4,0.4,0.009,sell,1,8287.92,62.73
2019-10-15 07:57:25.850,44892733,BTC-18OCT19-8000-P,402,1571126245850,0.2,0.2,0.009,sell,1,8287.92,62.73
2019-10-15 08:17:03.256,44894901,BTC-18OCT19-8000-P,403,1571127423256,0.1,0.1,0.009,sell,1,8290.81,63.14
2019-10-15 10:25:24.609,44901372,BTC-18OCT19-8000-P,404,1571135124609,0.5,0.5,0.0075,sell,2,8314.84,61.31
2019-10-15 10:51:49.676,44902819,BTC-18OCT19-8000-P,405,1571136709676,1.0,1.0,0.007,sell,2,8311.8,59.32
2019-10-15 10:52:11.321,44902821,BTC-18OCT19-8000-P,406,1571136731321,1.0,1.0,0.007,sell,3,8311.82,59.32
2019-10-15 11:48:12.609,44904324,BTC-18OCT19-8000-P,407,1571140092609,1.0,1.0,0.009,buy,0,8285.28,64.14
2019-10-15 11:48:12.609,44904325,BTC-18OCT19-8000-P,408,1571140092609,24.0,24.0,0.0095,buy,0,8285.28,65.89
2019-10-15 11:48:12.610,44904326,BTC-18OCT19-8000-P,409,1571140092610,17.0,17.0,0.0095,sell,1,8285.28,65.89
2019-10-15 11:48:12.611,44904327,BTC-18OCT19-8000-P,410,1571140092611,11.4,11.4,0.0095,sell,1,8285.28,65.89
2019-10-15 11:48:12.619,44904328,BTC-18OCT19-8000-P,411,1571140092619,13.0,13.0,0.0095,sell,1,8285.28,65.89
2019-10-15 11:48:12.642,44904329,BTC-18OCT19-8000-P,412,1571140092642,18.8,18.8,0.0095,sell,1,8285.28,65.89
2019-10-15 11:57:34.636,44904503,BTC-18OCT19-8000-P,413,1571140654636,1.0,1.0,0.0095,sell,1,8287.4,66.24
2019-10-15 11:58:58.551,44904619,BTC-18OCT19-8000-P,414,1571140738551,15.5,15.5,0.0095,sell,1,8289.02,66.4
2019-10-15 12:51:50.816,44906386,BTC-18OCT19-8000-P,415,1571143910816,1.0,1.0,0.0085,buy,2,8313.78,66.03
2019-10-15 13:02:21.397,44906735,BTC-18OCT19-8000-P,416,1571144541397,1.0,1.0,0.0085,buy,3,8315.76,66.34
2019-10-15 14:13:40.805,44908624,BTC-18OCT19-8000-P,417,1571148820805,2.0,2.0,0.008,sell,2,8303.43,63.62
2019-10-15 14:13:40.805,44908625,BTC-18OCT19-8000-P,418,1571148820805,24.0,24.0,0.0075,sell,2,8303.43,61.75
2019-10-15 14:13:40.807,44908626,BTC-18OCT19-8000-P,419,1571148820807,11.9,11.9,0.0075,buy,3,8303.43,61.75
2019-10-15 14:13:40.808,44908627,BTC-18OCT19-8000-P,420,1571148820808,17.0,17.0,0.0075,buy,3,8303.43,61.75
2019-10-15 14:13:40.809,44908628,BTC-18OCT19-8000-P,421,1571148820809,18.8,18.8,0.0075,buy,3,8303.43,61.75
2019-10-15 14:13:40.820,44908629,BTC-18OCT19-8000-P,422,1571148820820,13.0,13.0,0.0075,buy,3,8303.43,61.75
2019-10-15 14:13:41.083,44908630,BTC-18OCT19-8000-P,423,1571148821083,1.0,1.0,0.0075,buy,3,8303.43,61.75
2019-10-15 14:13:58.578,44908686,BTC-18OCT19-8000-P,424,1571148838578,14.0,14.0,0.007,sell,2,8307.38,60.36
2019-10-15 14:19:03.583,44908852,BTC-18OCT19-8000-P,425,1571149143583,1.6,1.6,0.008,sell,0,8309.03,64.36
2019-10-15 14:41:49.862,44911114,BTC-18OCT19-8000-P,426,1571150509862,0.5,0.5,0.0095,buy,0,8275.29,66.16
2019-10-15 14:41:49.862,44911115,BTC-18OCT19-8000-P,427,1571150509862,0.5,0.5,0.0095,buy,1,8275.29,66.16
2019-10-15 14:42:30.802,44911714,BTC-18OCT19-8000-P,428,1571150550802,1.0,1.0,0.0095,buy,1,8277.9,66.47
2019-10-15 15:57:42.776,44922924,BTC-18OCT19-8000-P,429,1571155062776,0.5,0.5,0.0085,sell,2,8286.9,64.08
2019-10-15 16:12:32.164,44935400,BTC-18OCT19-8000-P,430,1571155952164,0.8,0.8,0.01,buy,0,8218.11,61.89
2019-10-15 16:15:15.762,44942477,BTC-18OCT19-8000-P,431,1571156115762,2.0,2.0,0.014,buy,0,8115.8,61.91
2019-10-15 16:29:44.334,44953314,BTC-18OCT19-8000-P,432,1571156984334,0.5,0.5,0.0115,sell,2,8180.44,61.89
2019-10-15 17:22:48.024,44959251,BTC-18OCT19-8000-P,433,1571160168024,0.1,0.1,0.0115,sell,3,8186.58,62.52
2019-10-15 18:03:32.708,44961864,BTC-18OCT19-8000-P,434,1571162612708,5.0,5.0,0.012,buy,0,8152.94,60.51
2019-10-15 18:17:49.091,44963409,BTC-18OCT19-8000-P,435,1571163469091,0.1,0.1,0.012,sell,1,8164.59,62.22
2019-10-15 19:00:37.891,44965025,BTC-18OCT19-8000-P,436,1571166037891,0.1,0.1,0.013,buy,0,8173.34,67.13
2019-10-15 20:38:29.977,44967897,BTC-18OCT19-8000-P,437,1571171909977,0.5,0.5,0.0125,buy,2,8168.09,65.62
2019-10-15 21:03:31.814,44969435,BTC-18OCT19-8000-P,438,1571173411814,2.0,2.0,0.0135,sell,0,8136.11,64.44
2019-10-15 21:16:32.574,44970424,BTC-18OCT19-8000-P,439,1571174192574,1.0,1.0,0.0135,buy,1,8149.6,66.58
2019-10-15 21:33:02.983,44971563,BTC-18OCT19-8000-P,440,1571175182983,1.0,1.0,0.014,buy,0,8130.34,65.51
2019-10-15 23:32:30.556,44977917,BTC-18OCT19-8000-P,441,1571182350556,0.1,0.1,0.0105,sell,2,8168.24,60.46
2019-10-16 00:50:57.784,44981287,BTC-18OCT19-8000-P,442,1571187057784,0.1,0.1,0.012,buy,0,8167.14,66.22
2019-10-16 04:25:06.377,44985785,BTC-18OCT19-8000-P,443,1571199906377,0.6,0.6,0.0105,sell,2,8168.26,63.21
2019-10-16 04:25:12.189,44985787,BTC-18OCT19-8000-P,444,1571199912189,0.3,0.3,0.0105,sell,3,8169.25,63.31
2019-10-16 05:48:15.907,44986900,BTC-18OCT19-8000-P,445,1571204895907,0.3,0.3,0.009,sell,2,8163.64,57.8
2019-10-16 06:18:16.417,44987549,BTC-18OCT19-8000-P,446,1571206696417,1.0,1.0,0.0085,sell,2,8172.03,57.4
2019-10-16 08:02:44.635,44992392,BTC-18OCT19-8000-P,447,1571212964635,0.6,0.6,0.012,buy,0,8125.0,64.18
2019-10-16 08:02:44.635,44992393,BTC-18OCT19-8000-P,448,1571212964635,0.4,0.4,0.012,buy,1,8125.0,64.18
2019-10-16 12:02:59.131,45022294,BTC-18OCT19-8000-P,449,1571227379131,0.2,0.2,0.015,buy,0,8028.56,59.67
2019-10-16 12:25:34.843,45025364,BTC-18OCT19-8000-P,450,1571228734843,0.1,0.1,0.016,buy,0,8018.85,61.45
2019-10-16 12:25:34.843,45025365,BTC-18OCT19-8000-P,451,1571228734843,1.8,1.8,0.016,buy,1,8018.85,61.45
2019-10-16 12:31:07.541,45030123,BTC-18OCT19-8000-P,452,1571229067541,0.1,0.1,0.0185,buy,0,7966.68,58.93
2019-10-16 12:31:13.171,45030413,BTC-18OCT19-8000-P,453,1571229073171,0.4,0.4,0.0195,buy,0,7955.2,60.06
2019-10-16 12:31:17.074,45030761,BTC-18OCT19-8000-P,454,1571229077074,0.1,0.1,0.02,buy,0,7944.92,58.42
2019-10-16 12:32:53.941,45032901,BTC-18OCT19-8000-P,455,1571229173941,4.0,4.0,0.021,buy,0,7945.0,61.98
2019-10-16 12:35:28.037,45034254,BTC-18OCT19-8000-P,456,1571229328037,12.0,12.0,0.019,buy,2,7959.68,58.6
2019-10-16 12:35:33.539,45034307,BTC-18OCT19-8000-P,457,1571229333539,2.0,2.0,0.019,buy,3,7957.77,58.08
2019-10-16 13:02:50.056,45041001,BTC-18OCT19-8000-P,458,1571230970056,2.0,2.0,0.02,buy,0,7971.84,65.41
2019-10-16 13:09:28.508,45041789,BTC-18OCT19-8000-P,459,1571231368508,5.6000000000000005,5.6000000000000005,0.0165,sell,2,7996.31,58.68
2019-10-16 13:51:00.565,45044768,BTC-18OCT19-8000-P,460,1571233860565,0.4,0.4,0.019,buy,0,7977.03,63.64
2019-10-16 13:53:02.419,45044826,BTC-18OCT19-8000-P,461,1571233982419,0.4,0.4,0.0185,sell,2,7976.61,61.77
2019-10-16 13:54:18.232,45044866,BTC-18OCT19-8000-P,462,1571234058232,0.4,0.4,0.017,sell,2,7975.27,56.02
2019-10-16 14:42:34.987,45050290,BTC-18OCT19-8000-P,463,1571236954987,1.0,1.0,0.019,buy,0,7948.36,56.93
2019-10-16 15:14:04.288,45052822,BTC-18OCT19-8000-P,464,1571238844288,15.0,15.0,0.017,sell,2,7976.37,57.19
2019-10-16 16:17:39.141,45066389,BTC-18OCT19-8000-P,465,1571242659141,1.0,1.0,0.0155,sell,2,7993.77,56.56
2019-10-16 17:05:03.131,45069636,BTC-18OCT19-8000-P,466,1571245503131,0.1,0.1,0.019,buy,0,7968.57,63.98
2019-10-16 18:03:07.387,45073715,BTC-18OCT19-8000-P,467,1571248987387,5.0,5.0,0.017,buy,2,7967.69,56.91
2019-10-16 18:28:11.050,45074612,BTC-18OCT19-8000-P,468,1571250491050,0.1,0.1,0.0175,buy,0,7969.08,59.46
2019-10-16 19:06:33.563,45076466,BTC-18OCT19-8000-P,469,1571252793563,2.0,2.0,0.018,buy,0,7954.94,58.13
2019-10-16 19:35:49.501,45080600,BTC-18OCT19-8000-P,470,1571254549501,0.3,0.3,0.018,sell,1,7950.87,57.34
2019-10-16 20:23:22.886,45083024,BTC-18OCT19-8000-P,471,1571257402886,1.0,1.0,0.0155,sell,2,7975.84,54.99
2019-10-16 22:54:59.862,45087696,BTC-18OCT19-8000-P,472,1571266499862,12.0,12.0,0.0135,buy,2,8003.49,56.35
2019-10-16 22:59:26.417,45088040,BTC-18OCT19-8000-P,473,1571266766417,0.1,0.1,0.0135,sell,3,8002.37,56.03
2019-10-17 01:10:15.006,45095193,BTC-18OCT19-8000-P,474,1571274615006,2.5,2.5,0.0145,sell,0,7972.01,53.69
2019-10-17 01:33:08.680,45095614,BTC-18OCT19-8000-P,475,1571275988680,0.1,0.1,0.015,buy,0,7969.91,55.44
2019-10-17 01:50:27.835,45095894,BTC-18OCT19-8000-P,476,1571277027835,0.3,0.3,0.0165,buy,0,7974.55,63.6
2019-10-17 01:50:36.612,45095904,BTC-18OCT19-8000-P,477,1571277036612,1.0,1.0,0.0165,buy,1,7974.42,63.64
2019-10-17 01:54:20.991,45095949,BTC-18OCT19-8000-P,478,1571277260991,0.5,0.5,0.0165,buy,1,7974.46,63.69
2019-10-17 01:57:36.131,45095973,BTC-18OCT19-8000-P,479,1571277456131,0.5,0.5,0.0165,buy,1,7975.1,63.92
2019-10-17 04:36:00.797,45099318,BTC-18OCT19-8000-P,480,1571286960797,0.6,0.6,0.0145,sell,2,7969.96,56.35
2019-10-17 05:01:19.553,45102361,BTC-18OCT19-8000-P,481,1571288479553,0.1,0.1,0.0175,buy,0,7944.18,62.02
2019-10-17 05:01:47.519,45102404,BTC-18OCT19-8000-P,482,1571288507519,0.1,0.1,0.0175,buy,1,7940.79,60.86
2019-10-17 05:17:06.853,45103293,BTC-18OCT19-8000-P,483,1571289426853,0.5,0.5,0.015,buy,2,7953.83,54.0
2019-10-17 05:56:18.726,45104881,BTC-18OCT19-8000-P,484,1571291778726,0.8,0.8,0.014,sell,2,7977.3,57.73
2019-10-17 05:57:44.665,45104945,BTC-18OCT19-8000-P,485,1571291864665,0.4,0.4,0.014,sell,3,7978.79,58.23
2019-10-17 05:57:59.418,45105098,BTC-18OCT19-8000-P,486,1571291879418,1.9000000000000001,1.9000000000000001,0.014,sell,3,7985.6,60.33
2019-10-17 06:03:21.196,45105466,BTC-18OCT19-8000-P,487,1571292201196,1.0,1.0,0.0125,buy,2,7990.98,55.14
2019-10-17 06:04:51.207,45105554,BTC-18OCT19-8000-P,488,1571292291207,2.0,2.0,0.0125,buy,3,7987.49,54.13
2019-10-17 06:24:55.010,45106444,BTC-18OCT19-8000-P,489,1571293495010,0.1,0.1,0.0155,buy,0,7964.52,61.14
2019-10-17 06:24:55.010,45106445,BTC-18OCT19-8000-P,490,1571293495010,0.4,0.4,0.0155,buy,1,7964.52,61.14
2019-10-17 07:14:33.446,45107665,BTC-18OCT19-8000-P,491,1571296473446,0.1,0.1,0.0145,sell,2,7976.46,61.25
2019-10-17 07:58:27.696,45109278,BTC-18OCT19-8000-P,492,1571299107696,6.0,6.0,0.0135,sell,2,7976.57,57.45
2019-10-17 08:18:04.457,45111573,BTC-18OCT19-8000-P,493,1571300284457,0.3,0.3,0.0125,buy,2,8005.31,62.12
2019-10-17 08:30:27.724,45117528,BTC-18OCT19-8000-P,494,1571301027724,1.0,1.0,0.009,sell,2,8056.89,59.24
2019-10-17 10:06:40.275,45127184,BTC-18OCT19-8000-P,495,1571306800275,1.0,1.0,0.009,buy,3,8079.77,67.55
2019-10-17 10:08:34.316,45127642,BTC-18OCT19-8000-P,496,1571306914316,1.0,1.0,0.008,buy,2,8084.81,63.55
2019-10-17 10:35:43.837,45131532,BTC-18OCT19-8000-P,497,1571308543837,1.0,1.0,0.008,buy,3,8088.03,65.02
2019-10-17 11:11:28.406,45133847,BTC-18OCT19-8000-P,498,1571310688406,1.0,1.0,0.007,sell,2,8109.51,65.03
2019-10-17 12:03:08.881,45137263,BTC-18OCT19-8000-P,499,1571313788881,1.0,1.0,0.007,buy,3,8067.71,56.51
2019-10-17 12:03:35.151,45137271,BTC-18OCT19-8000-P,500,1571313815151,6.0,6.0,0.007,buy,3,8066.27,56.16
2019-10-17 12:43:02.623,45141825,BTC-18OCT19-8000-P,501,1571316182623,4.0,4.0,0.009,sell,0,8041.68,61.28
2019-10-17 13:16:30.417,45143484,BTC-18OCT19-8000-P,502,1571318190417,1.0,1.0,0.0065,sell,2,8059.26,53.2
2019-10-17 13:55:17.395,45145726,BTC-18OCT19-8000-P,503,1571320517395,1.0,1.0,0.0075,sell,0,8059.81,59.88
2019-10-17 14:29:49.978,45147165,BTC-18OCT19-8000-P,504,1571322589978,1.0,1.0,0.0075,buy,1,8047.58,57.92
2019-10-17 14:59:26.538,45148392,BTC-18OCT19-8000-P,505,1571324366538,0.6,0.6,0.007,sell,2,8053.65,56.75
2019-10-17 14:59:27.920,45148394,BTC-18OCT19-8000-P,506,1571324367920,0.4,0.4,0.007,sell,3,8053.66,57.14
2019-10-17 15:28:40.963,45149836,BTC-18OCT19-8000-P,507,1571326120963,0.9,0.9,0.0065,buy,2,8063.64,57.86
2019-10-17 16:17:29.579,45152966,BTC-18OCT19-8000-P,508,1571329049579,2.5,2.5,0.006,sell,2,8082.02,61.4
2019-10-17 16:19:10.347,45153205,BTC-18OCT19-8000-P,509,1571329150347,2.0,2.0,0.006,sell,3,8089.17,63.4
2019-10-17 16:19:12.939,45153206,BTC-18OCT19-8000-P,510,1571329152939,5.5,5.5,0.006,sell,3,8089.18,63.39
2019-10-17 16:23:41.831,45155107,BTC-18OCT19-8000-P,511,1571329421831,1.0,1.0,0.005,sell,2,8121.45,65.28
2019-10-17 16:26:22.115,45155903,BTC-18OCT19-8000-P,512,1571329582115,0.5,0.5,0.005,sell,3,8112.68,63.14
2019-10-17 16:45:08.935,45157786,BTC-18OCT19-8000-P,513,1571330708935,0.1,0.1,0.006,buy,0,8106.57,69.03
2019-10-17 16:56:06.987,45158652,BTC-18OCT19-8000-P,514,1571331366987,1.0,1.0,0.006,sell,1,8088.2,64.39
2019-10-17 17:09:13.047,45159252,BTC-18OCT19-8000-P,515,1571332153047,1.0,1.0,0.0065,buy,0,8083.32,66.81
2019-10-17 20:46:15.020,45168088,BTC-18OCT19-8000-P,516,1571345175020,0.2,0.2,0.006,sell,2,8050.42,61.84
2019-10-17 22:06:49.833,45170526,BTC-18OCT19-8000-P,517,1571350009833,1.0,1.0,0.005,sell,2,8073.88,66.11
2019-10-17 22:24:47.556,45171166,BTC-18OCT19-8000-P,518,1571351087556,1.8,1.8,0.0055,buy,0,8052.3,63.63
2019-10-17 23:15:35.078,45172763,BTC-18OCT19-8000-P,519,1571354135078,0.1,0.1,0.004,sell,2,8073.13,61.51
2019-10-17 23:15:35.078,45172764,BTC-18OCT19-8000-P,520,1571354135078,14.9,14.9,0.004,sell,3,8073.13,61.51
2019-10-17 23:15:35.850,45172765,BTC-18OCT19-8000-P,521,1571354135850,1.0,1.0,0.004,sell,3,8073.33,61.51
2019-10-17 23:15:38.291,45172802,BTC-18OCT19-8000-P,522,1571354138291,15.0,15.0,0.004,sell,3,8074.07,61.58
2019-10-17 23:15:47.433,45172845,BTC-18OCT19-8000-P,523,1571354147433,69.10000000000001,69.10000000000001,0.004,sell,3,8074.37,61.93
2019-10-17 23:45:46.676,45173933,BTC-18OCT19-8000-P,524,1571355946676,0.1,0.1,0.0045,buy,0,8071.43,67.25
