date_utc,tradeId,instrument,tradeSeq,timeStamp,quantity,amount,price,direction,tickDirection,indexPrice,iv
2019-10-06 09:45:41.771,43823842,BTC-18OCT19-8500-C,20,1570355141771,0.2,0.2,0.02,sell,2,7938.39,63.26
2019-10-06 13:02:58.970,43831127,BTC-18OCT19-8500-C,21,1570366978970,0.1,0.1,0.024,buy,0,7952.99,69.1
2019-10-06 14:13:25.652,43835483,BTC-18OCT19-8500-C,22,1570371205652,1.0,1.0,0.021,sell,2,7888.69,68.12
2019-10-06 14:31:51.651,43836533,BTC-18OCT19-8500-C,23,1570372311651,2.0,2.0,0.0185,sell,2,7892.05,63.83
2019-10-06 14:41:51.907,43837101,BTC-18OCT19-8500-C,24,1570372911907,0.1,0.1,0.0215,buy,0,7917.74,67.31
2019-10-06 14:48:52.670,43837315,BTC-18OCT19-8500-C,25,1570373332670,1.0,1.0,0.0225,buy,0,7921.68,68.72
2019-10-06 14:53:03.118,43837583,BTC-18OCT19-8500-C,26,1570373583118,0.1,0.1,0.024,buy,0,7932.15,70.5
2019-10-06 14:54:54.144,43837707,BTC-18OCT19-8500-C,27,1570373694144,0.9,0.9,0.0245,buy,0,7929.5,71.48
2019-10-06 15:15:21.036,43839920,BTC-18OCT19-8500-C,28,1570374921036,1.0,1.0,0.0255,buy,0,8003.2,68.86
2019-10-06 15:15:31.895,43840205,BTC-18OCT19-8500-C,29,1570374931895,0.5,0.5,0.026000000000000002,buy,0,8014.94,68.88
2019-10-06 15:17:09.728,43841442,BTC-18OCT19-8500-C,30,1570375029728,0.1,0.1,0.0265,buy,0,8025.28,69.09
2019-10-06 15:23:35.437,43843999,BTC-18OCT19-8500-C,31,1570375415437,1.0,1.0,0.0285,buy,0,8061.48,69.67
2019-10-06 15:51:24.246,43847473,BTC-18OCT19-8500-C,32,1570377084246,5.0,5.0,0.027999999999999997,sell,2,8021.45,71.41
2019-10-06 18:35:39.612,43855354,BTC-18OCT19-8500-C,33,1570386939612,6.0,6.0,0.0225,buy,2,7966.88,66.62
2019-10-06 18:38:17.487,43858449,BTC-18OCT19-8500-C,34,1570387097487,1.0,1.0,0.0215,sell,2,7843.04,72.25
2019-10-06 18:38:17.493,43858450,BTC-18OCT19-8500-C,35,1570387097493,1.0,1.0,0.0215,sell,3,7843.04,72.25
2019-10-06 18:46:23.194,43866954,BTC-18OCT19-8500-C,36,1570387583194,0.1,0.1,0.0215,buy,3,7863.47,70.95
2019-10-06 19:20:27.347,43871674,BTC-18OCT19-8500-C,37,1570389627347,2.0,2.0,0.02,sell,2,7866.39,68.27
2019-10-06 19:22:12.140,43871735,BTC-18OCT19-8500-C,38,1570389732140,2.0,2.0,0.02,sell,3,7865.48,68.36
2019-10-06 19:58:53.701,43873402,BTC-18OCT19-8500-C,39,1570391933701,1.0,1.0,0.0225,buy,0,7902.24,70.52
2019-10-07 00:09:10.090,43890336,BTC-18OCT19-8500-C,41,1570406950090,0.5,0.5,0.0205,buy,3,7816.16,72.53
2019-10-07 00:09:10.090,43890335,BTC-18OCT19-8500-C,40,1570406950090,2.0,2.0,0.0205,buy,2,7816.16,72.53
2019-10-07 00:29:21.266,43893851,BTC-18OCT19-8500-C,42,1570408161266,1.0,1.0,0.02,sell,2,7780.76,73.43
2019-10-07 00:41:27.266,43897002,BTC-18OCT19-8500-C,43,1570408887266,1.0,1.0,0.0215,buy,0,7814.35,74.31
2019-10-07 00:47:53.481,43898620,BTC-18OCT19-8500-C,45,1570409273481,5.0,5.0,0.023,buy,1,7842.12,75.27
2019-10-07 00:47:53.481,43898619,BTC-18OCT19-8500-C,44,1570409273481,20.0,20.0,0.023,buy,0,7842.12,75.27
2019-10-07 01:41:54.763,43902254,BTC-18OCT19-8500-C,48,1570412514763,6.0,6.0,0.02,sell,3,7804.27,72.52
2019-10-07 01:41:54.763,43902252,BTC-18OCT19-8500-C,46,1570412514763,3.0,3.0,0.02,sell,2,7804.27,72.52
2019-10-07 01:41:54.763,43902253,BTC-18OCT19-8500-C,47,1570412514763,15.0,15.0,0.02,sell,3,7804.27,72.52
2019-10-07 01:41:54.783,43902255,BTC-18OCT19-8500-C,49,1570412514783,12.0,12.0,0.02,buy,3,7804.24,72.52
2019-10-07 01:42:37.048,43902398,BTC-18OCT19-8500-C,50,1570412557048,1.0,1.0,0.019,sell,2,7797.9,71.15
2019-10-07 01:45:55.475,43902725,BTC-18OCT19-8500-C,51,1570412755475,0.2,0.2,0.0205,sell,0,7790.82,74.03
2019-10-07 03:09:20.725,43906233,BTC-18OCT19-8500-C,52,1570417760725,2.0,2.0,0.022000000000000002,buy,0,7861.88,72.95
2019-10-07 03:09:20.725,43906234,BTC-18OCT19-8500-C,53,1570417760725,0.1,0.1,0.022000000000000002,buy,1,7861.88,72.95
2019-10-07 03:24:05.027,43909110,BTC-18OCT19-8500-C,54,1570418645027,15.0,15.0,0.0225,sell,0,7881.76,72.47
2019-10-07 03:24:52.103,43909315,BTC-18OCT19-8500-C,55,1570418692103,0.1,0.1,0.023,buy,0,7893.62,72.64
2019-10-07 03:46:49.516,43911187,BTC-18OCT19-8500-C,56,1570420009516,5.0,5.0,0.024,buy,0,7882.16,74.98
2019-10-07 07:17:46.962,43919131,BTC-18OCT19-8500-C,57,1570432666962,1.0,1.0,0.023,buy,2,7866.98,74.85
2019-10-07 09:55:21.171,43931355,BTC-18OCT19-8500-C,58,1570442121171,3.0,3.0,0.0215,buy,2,7915.08,69.72
2019-10-07 10:22:28.174,43933297,BTC-18OCT19-8500-C,59,1570443748174,5.0,5.0,0.025,buy,0,8054.23,67.29
2019-10-07 10:23:00.760,43933692,BTC-18OCT19-8500-C,60,1570443780760,5.0,5.0,0.026000000000000002,buy,0,8038.77,69.66
2019-10-07 12:30:54.998,43943255,BTC-18OCT19-8500-C,61,1570451454998,5.0,5.0,0.026000000000000002,buy,1,8069.52,67.93
2019-10-07 12:36:10.602,43945504,BTC-18OCT19-8500-C,62,1570451770602,0.4,0.4,0.027999999999999997,buy,0,8115.96,68.08
2019-10-07 13:22:24.568,43956178,BTC-18OCT19-8500-C,63,1570454544568,0.5,0.5,0.03,buy,0,8199.25,65.83
2019-10-07 13:23:50.758,43956856,BTC-18OCT19-8500-C,64,1570454630758,0.1,0.1,0.032,buy,0,8183.41,69.87
2019-10-07 14:43:58.258,43961489,BTC-18OCT19-8500-C,66,1570459438258,0.4,0.4,0.0315,buy,0,8151.05,71.4
2019-10-07 14:43:58.258,43961488,BTC-18OCT19-8500-C,65,1570459438258,0.6,0.6,0.031,buy,2,8151.05,70.64
2019-10-07 15:16:20.061,43965177,BTC-18OCT19-8500-C,67,1570461380061,0.4,0.4,0.032,buy,0,8233.78,66.67
2019-10-07 16:19:06.788,43972093,BTC-18OCT19-8500-C,68,1570465146788,9.0,9.0,0.0305,sell,2,8186.19,67.88
2019-10-07 16:53:45.386,43977489,BTC-18OCT19-8500-C,69,1570467225386,1.5,1.5,0.0315,buy,0,8224.46,66.74
2019-10-07 16:53:47.592,43977491,BTC-18OCT19-8500-C,70,1570467227592,0.5,0.5,0.0315,buy,1,8225.01,66.71
2019-10-07 17:00:55.470,43979200,BTC-18OCT19-8500-C,71,1570467655470,0.2,0.2,0.035,sell,0,8266.77,68.9
2019-10-07 17:04:48.573,43980147,BTC-18OCT19-8500-C,72,1570467888573,0.1,0.1,0.033,sell,2,8250.33,67.18
2019-10-07 18:57:42.161,43990588,BTC-18OCT19-8500-C,73,1570474662161,3.0,3.0,0.0345,buy,0,8248.43,69.86
2019-10-07 19:36:52.415,43992358,BTC-18OCT19-8500-C,74,1570477012415,10.0,10.0,0.034,sell,2,8253.31,68.86
2019-10-07 23:02:15.648,44001141,BTC-18OCT19-8500-C,75,1570489335648,0.5,0.5,0.0325,buy,2,8254.39,66.92
2019-10-07 23:56:28.106,44003798,BTC-18OCT19-8500-C,76,1570492588106,0.3,0.3,0.03,sell,2,8212.11,66.2
2019-10-08 01:42:29.648,44008298,BTC-18OCT19-8500-C,77,1570498949648,1.0,1.0,0.0355,buy,0,8277.78,70.1
2019-10-08 02:06:59.900,44010977,BTC-18OCT19-8500-C,78,1570500419900,0.1,0.1,0.036000000000000004,buy,0,8314.43,68.15
2019-10-08 02:07:45.970,44011281,BTC-18OCT19-8500-C,79,1570500465970,10.0,10.0,0.038,buy,0,8324.79,70.39
2019-10-08 02:24:39.025,44013515,BTC-18OCT19-8500-C,80,1570501479025,10.0,10.0,0.0385,buy,0,8339.17,70.04
2019-10-08 03:29:44.663,44016801,BTC-18OCT19-8500-C,81,1570505384663,0.5,0.5,0.034,sell,2,8275.02,68.27
2019-10-08 07:26:11.309,44024272,BTC-18OCT19-8500-C,82,1570519571309,0.5,0.5,0.032,sell,2,8236.67,68.48
2019-10-08 08:17:27.669,44028953,BTC-18OCT19-8500-C,83,1570522647669,1.0,1.0,0.028999999999999998,sell,2,8178.45,68.07
2019-10-08 11:39:46.846,44043170,BTC-18OCT19-8500-C,84,1570534786846,5.0,5.0,0.0265,sell,2,8195.42,63.33
2019-10-08 12:33:59.822,44051806,BTC-18OCT19-8500-C,85,1570538039822,5.0,5.0,0.03,buy,0,8211.53,67.88
2019-10-08 14:22:51.734,44068426,BTC-18OCT19-8500-C,86,1570544571734,1.0,1.0,0.026000000000000002,buy,2,8179.08,64.0
2019-10-08 14:42:44.561,44070634,BTC-18OCT19-8500-C,87,1570545764561,1.0,1.0,0.026000000000000002,sell,3,8190.2,63.28
2019-10-08 14:47:33.055,44070914,BTC-18OCT19-8500-C,88,1570546053055,0.1,0.1,0.027000000000000003,buy,0,8194.39,64.56
2019-10-08 15:29:33.522,44074890,BTC-18OCT19-8500-C,89,1570548573522,0.1,0.1,0.0285,buy,0,8209.07,66.06
2019-10-08 16:43:12.467,44083785,BTC-18OCT19-8500-C,93,1570552992467,3.0,3.0,0.026000000000000002,sell,3,8171.33,64.87
2019-10-08 16:43:12.467,44083782,BTC-18OCT19-8500-C,90,1570552992467,3.0,3.0,0.026000000000000002,sell,2,8171.33,64.87
2019-10-08 16:43:12.467,44083783,BTC-18OCT19-8500-C,91,1570552992467,5.0,5.0,0.026000000000000002,sell,3,8171.33,64.87
2019-10-08 16:43:12.467,44083784,BTC-18OCT19-8500-C,92,1570552992467,4.0,4.0,0.026000000000000002,sell,3,8171.33,64.87
2019-10-08 16:43:12.578,44083786,BTC-18OCT19-8500-C,94,1570552992578,1.0,1.0,0.026000000000000002,sell,3,8171.33,64.87
2019-10-08 18:37:30.584,44092540,BTC-18OCT19-8500-C,96,1570559850584,0.1,0.1,0.026000000000000002,buy,3,8185.89,64.2
2019-10-08 18:37:30.584,44092539,BTC-18OCT19-8500-C,95,1570559850584,0.1,0.1,0.026000000000000002,buy,3,8185.89,64.2
2019-10-08 19:13:27.388,44095198,BTC-18OCT19-8500-C,97,1570562007388,0.6,0.6,0.0275,buy,0,8203.29,65.5
2019-10-08 19:13:27.388,44095199,BTC-18OCT19-8500-C,98,1570562007388,1.4,1.4,0.027999999999999997,buy,0,8203.29,66.31
2019-10-08 20:26:06.539,44101322,BTC-18OCT19-8500-C,99,1570566366539,1.0,1.0,0.0255,sell,2,8185.67,63.66
2019-10-08 20:28:40.938,44102114,BTC-18OCT19-8500-C,100,1570566520938,1.0,1.0,0.025,sell,2,8167.02,64.09
2019-10-09 01:25:25.377,44144043,BTC-18OCT19-8500-C,101,1570584325377,2.8000000000000003,2.8000000000000003,0.024,sell,2,8176.65,62.51
2019-10-09 01:37:04.359,44144452,BTC-18OCT19-8500-C,102,1570585024359,2.0,2.0,0.025,sell,0,8189.03,63.33
2019-10-09 02:14:19.472,44146408,BTC-18OCT19-8500-C,103,1570587259472,13.0,13.0,0.025,sell,1,8162.11,65.33
2019-10-09 05:26:23.802,44161299,BTC-18OCT19-8500-C,104,1570598783802,1.0,1.0,0.022000000000000002,sell,2,8145.15,61.88
2019-10-09 07:24:35.424,44167482,BTC-18OCT19-8500-C,105,1570605875424,2.0,2.0,0.023,sell,0,8174.94,61.73
2019-10-09 07:29:35.474,44167913,BTC-18OCT19-8500-C,106,1570606175474,3.0,3.0,0.023,sell,1,8172.49,61.93
2019-10-09 07:35:15.714,44168085,BTC-18OCT19-8500-C,107,1570606515714,2.0,2.0,0.0255,buy,0,8170.24,66.31
2019-10-09 07:36:15.985,44168103,BTC-18OCT19-8500-C,108,1570606575985,3.0,3.0,0.0255,buy,1,8170.89,66.31
2019-10-09 08:00:28.610,44170411,BTC-18OCT19-8500-C,109,1570608028610,1.0,1.0,0.0235,buy,2,8177.93,62.46
2019-10-09 08:56:29.149,44175901,BTC-18OCT19-8500-C,110,1570611389149,2.0,2.0,0.024,buy,0,8188.36,62.63
2019-10-09 10:19:28.039,44186327,BTC-18OCT19-8500-C,111,1570616368039,1.0,1.0,0.0255,buy,0,8219.28,63.13
2019-10-09 12:11:43.139,44196066,BTC-18OCT19-8500-C,112,1570623103139,0.2,0.2,0.0225,buy,2,8186.32,60.82
2019-10-09 14:01:42.995,44204473,BTC-18OCT19-8500-C,113,1570629702995,2.0,2.0,0.026000000000000002,buy,0,8252.22,62.2
2019-10-09 14:08:17.023,44208576,BTC-18OCT19-8500-C,115,1570630097023,0.5,0.5,0.03,buy,0,8295.5,65.4
2019-10-09 14:08:17.023,44208575,BTC-18OCT19-8500-C,114,1570630097023,0.5,0.5,0.0295,buy,0,8295.5,64.57
2019-10-09 14:10:37.747,44209748,BTC-18OCT19-8500-C,116,1570630237747,1.0,1.0,0.0295,buy,2,8283.94,65.56
2019-10-09 14:19:31.477,44215150,BTC-18OCT19-8500-C,117,1570630771477,0.2,0.2,0.0345,buy,0,8380.37,65.71
2019-10-09 14:21:29.126,44222533,BTC-18OCT19-8500-C,118,1570630889126,1.7,1.7,0.035,buy,0,8413.77,63.84
2019-10-09 14:21:31.283,44222560,BTC-18OCT19-8500-C,119,1570630891283,0.3,0.3,0.035,buy,1,8416.8,63.81
2019-10-09 14:36:04.491,44229952,BTC-18OCT19-8500-C,120,1570631764491,0.2,0.2,0.0375,buy,0,8438.98,65.6
2019-10-09 14:36:14.524,44230083,BTC-18OCT19-8500-C,121,1570631774524,0.2,0.2,0.037000000000000005,sell,2,8430.67,65.54
2019-10-09 14:45:21.686,44233151,BTC-18OCT19-8500-C,122,1570632321686,1.0,1.0,0.034,buy,2,8417.07,61.94
2019-10-09 14:46:34.605,44234002,BTC-18OCT19-8500-C,123,1570632394605,0.5,0.5,0.0355,sell,0,8450.86,61.46
2019-10-09 14:47:07.039,44234503,BTC-18OCT19-8500-C,124,1570632427039,0.1,0.1,0.037000000000000005,buy,0,8455.84,63.48
2019-10-09 14:47:25.845,44235058,BTC-18OCT19-8500-C,125,1570632445845,0.2,0.2,0.037000000000000005,buy,1,8459.72,63.12
2019-10-09 14:57:01.961,44240363,BTC-18OCT19-8500-C,126,1570633021961,0.6,0.6,0.0355,buy,2,8438.76,62.55
2019-10-09 15:02:56.625,44245041,BTC-18OCT19-8500-C,127,1570633376625,1.0,1.0,0.039,buy,0,8453.05,66.94
2019-10-09 15:06:15.140,44246451,BTC-18OCT19-8500-C,128,1570633575140,0.3,0.3,0.04,sell,0,8475.9,66.52
2019-10-09 15:25:01.114,44260372,BTC-18OCT19-8500-C,130,1570634701114,5.0,5.0,0.045,buy,1,8557.06,67.11
2019-10-09 15:25:01.114,44260371,BTC-18OCT19-8500-C,129,1570634701114,18.0,18.0,0.045,buy,0,8557.06,67.11
2019-10-09 15:25:40.658,44261843,BTC-18OCT19-8500-C,131,1570634740658,0.4,0.4,0.0465,buy,0,8580.17,67.34
2019-10-09 15:25:40.910,44261880,BTC-18OCT19-8500-C,132,1570634740910,0.4,0.4,0.0465,buy,1,8580.17,67.34
2019-10-09 15:25:41.739,44262032,BTC-18OCT19-8500-C,133,1570634741739,10.7,10.7,0.0465,buy,1,8580.17,67.34
2019-10-09 15:25:43.849,44262280,BTC-18OCT19-8500-C,134,1570634743849,13.0,13.0,0.0465,buy,1,8604.99,67.29
2019-10-09 15:25:43.925,44262281,BTC-18OCT19-8500-C,135,1570634743925,0.5,0.5,0.0465,buy,1,8604.99,67.29
2019-10-09 15:25:54.800,44263258,BTC-18OCT19-8500-C,136,1570634754800,0.5,0.5,0.052000000000000005,buy,0,8636.78,70.62
2019-10-09 15:26:01.732,44264263,BTC-18OCT19-8500-C,137,1570634761732,0.4,0.4,0.0515,buy,2,8689.97,66.8
2019-10-09 15:26:02.432,44264293,BTC-18OCT19-8500-C,138,1570634762432,0.4,0.4,0.0515,buy,3,8690.71,64.17
2019-10-09 15:26:03.293,44264369,BTC-18OCT19-8500-C,139,1570634763293,0.4,0.4,0.0515,buy,3,8688.05,64.1
2019-10-09 15:26:04.307,44264455,BTC-18OCT19-8500-C,140,1570634764307,0.4,0.4,0.0515,buy,3,8671.71,64.4
2019-10-09 15:26:04.708,44264473,BTC-18OCT19-8500-C,141,1570634764708,0.4,0.4,0.0515,buy,3,8671.71,64.4
2019-10-09 15:26:04.972,44264516,BTC-18OCT19-8500-C,142,1570634764972,0.4,0.4,0.0515,buy,3,8671.71,64.4
2019-10-09 15:26:05.689,44264580,BTC-18OCT19-8500-C,143,1570634765689,2.6,2.6,0.0515,buy,3,8674.45,66.16
2019-10-09 15:27:43.566,44268913,BTC-18OCT19-8500-C,144,1570634863566,1.0,1.0,0.047,buy,2,8632.69,63.2
2019-10-09 15:45:23.831,44278058,BTC-18OCT19-8500-C,145,1570635923831,18.0,18.0,0.0475,buy,0,8574.38,69.58
2019-10-09 15:46:12.977,44278269,BTC-18OCT19-8500-C,146,1570635972977,0.1,0.1,0.0485,buy,0,8585.21,70.17
2019-10-09 15:55:47.402,44280649,BTC-18OCT19-8500-C,147,1570636547402,0.4,0.4,0.0475,buy,2,8570.29,70.02
2019-10-09 15:55:47.402,44280650,BTC-18OCT19-8500-C,148,1570636547402,0.4,0.4,0.048,buy,0,8570.29,70.84
2019-10-09 15:55:47.402,44280651,BTC-18OCT19-8500-C,149,1570636547402,2.2,2.2,0.048,buy,1,8570.29,70.84
2019-10-09 15:55:57.292,44280718,BTC-18OCT19-8500-C,150,1570636557292,1.0,1.0,0.048,buy,1,8570.54,70.82
2019-10-09 16:00:18.587,44281604,BTC-18OCT19-8500-C,151,1570636818587,2.0,2.0,0.0485,buy,0,8575.73,71.18
2019-10-09 16:07:50.275,44286515,BTC-18OCT19-8500-C,152,1570637270275,8.0,8.0,0.044000000000000004,sell,2,8535.99,67.58
2019-10-09 16:07:50.302,44286517,BTC-18OCT19-8500-C,153,1570637270302,13.0,13.0,0.044000000000000004,sell,3,8535.99,67.58
2019-10-09 16:10:18.499,44287644,BTC-18OCT19-8500-C,154,1570637418499,0.5,0.5,0.044000000000000004,sell,3,8548.64,66.32
2019-10-09 16:20:16.505,44290776,BTC-18OCT19-8500-C,155,1570638016505,0.5,0.5,0.0485,sell,0,8592.34,69.48
2019-10-09 16:23:06.424,44291874,BTC-18OCT19-8500-C,156,1570638186424,1.0,1.0,0.05,buy,0,8599.38,71.48
2019-10-09 16:28:26.308,44293272,BTC-18OCT19-8500-C,157,1570638506308,0.2,0.2,0.048,sell,2,8593.63,68.68
2019-10-09 17:02:52.750,44302107,BTC-18OCT19-8500-C,158,1570640572750,1.3,1.3,0.0465,buy,2,8595.47,66.08
2019-10-09 17:02:54.933,44302108,BTC-18OCT19-8500-C,159,1570640574933,1.2,1.2,0.0465,buy,3,8595.81,66.04
2019-10-09 17:28:43.771,44305639,BTC-18OCT19-8500-C,160,1570642123771,1.0,1.0,0.0465,sell,3,8594.57,66.27
2019-10-09 19:11:12.247,44323899,BTC-18OCT19-8500-C,161,1570648272247,1.2,1.2,0.046,buy,2,8600.15,65.23
2019-10-09 21:35:31.939,44331316,BTC-18OCT19-8500-C,162,1570656931939,28.5,28.5,0.044000000000000004,sell,2,8581.04,64.22
2019-10-09 21:36:36.222,44331854,BTC-18OCT19-8500-C,163,1570656996222,3.0,3.0,0.043,sell,2,8567.9,63.82
2019-10-09 21:36:36.222,44331855,BTC-18OCT19-8500-C,164,1570656996222,1.0,1.0,0.043,sell,3,8567.9,63.82
2019-10-09 22:17:11.353,44337722,BTC-18OCT19-8500-C,165,1570659431353,0.5,0.5,0.048,sell,0,8622.49,66.67
2019-10-09 22:18:01.402,44337778,BTC-18OCT19-8500-C,166,1570659481402,1.0,1.0,0.0475,sell,2,8617.33,66.3
2019-10-09 22:21:30.052,44337942,BTC-18OCT19-8500-C,167,1570659690052,0.5,0.5,0.046,sell,2,8609.18,64.7
2019-10-09 23:07:49.779,44340544,BTC-18OCT19-8500-C,168,1570662469779,1.0,1.0,0.045,buy,2,8599.89,64.09
2019-10-09 23:12:03.774,44340808,BTC-18OCT19-8500-C,169,1570662723774,25.0,25.0,0.0478,sell,0,8613.61,67.35
2019-10-09 23:26:27.274,44341677,BTC-18OCT19-8500-C,170,1570663587274,0.1,0.1,0.046,buy,2,8611.81,64.58
2019-10-10 01:59:11.114,44347488,BTC-18OCT19-8500-C,171,1570672751114,0.5,0.5,0.043,sell,2,8566.79,64.62
2019-10-10 03:00:06.773,44350184,BTC-18OCT19-8500-C,172,1570676406773,0.1,0.1,0.044000000000000004,buy,0,8566.5,66.46
2019-10-10 03:23:04.345,44352520,BTC-18OCT19-8500-C,174,1570677784345,9.8,9.8,0.043,sell,3,8592.31,62.24
2019-10-10 03:23:04.345,44352519,BTC-18OCT19-8500-C,173,1570677784345,0.2,0.2,0.043,sell,2,8592.31,62.24
2019-10-10 04:24:36.568,44353882,BTC-18OCT19-8500-C,175,1570681476568,1.5,1.5,0.044000000000000004,buy,0,8600.61,63.19
2019-10-10 04:26:15.001,44353920,BTC-18OCT19-8500-C,177,1570681575001,2.0,2.0,0.044000000000000004,buy,1,8602.38,63.02
2019-10-10 04:26:15.001,44353919,BTC-18OCT19-8500-C,176,1570681575001,0.4,0.4,0.044000000000000004,buy,1,8602.38,63.02
2019-10-10 04:31:46.501,44354059,BTC-18OCT19-8500-C,178,1570681906501,10.0,10.0,0.0435,buy,2,8596.97,62.75
2019-10-10 06:26:25.053,44356275,BTC-18OCT19-8500-C,180,1570688785053,15.0,15.0,0.042,sell,2,8577.41,62.47
2019-10-10 06:26:25.053,44356274,BTC-18OCT19-8500-C,179,1570688785053,2.0,2.0,0.0425,sell,2,8577.41,63.32
2019-10-10 06:46:00.965,44357135,BTC-18OCT19-8500-C,181,1570689960965,1.0,1.0,0.0435,buy,0,8600.24,62.73
2019-10-10 06:47:42.374,44357370,BTC-18OCT19-8500-C,182,1570690062374,1.0,1.0,0.044000000000000004,buy,0,8611.08,62.47
2019-10-10 07:08:51.370,44358254,BTC-18OCT19-8500-C,183,1570691331370,0.7000000000000001,0.7000000000000001,0.044000000000000004,sell,1,8595.28,64.22
2019-10-10 07:09:04.939,44358255,BTC-18OCT19-8500-C,184,1570691344939,0.3,0.3,0.044000000000000004,sell,1,8595.84,64.16
2019-10-10 07:34:13.010,44358817,BTC-18OCT19-8500-C,185,1570692853010,0.3,0.3,0.0445,buy,0,8617.44,62.78
2019-10-10 07:35:35.579,44359299,BTC-18OCT19-8500-C,186,1570692935579,1.0,1.0,0.046,buy,0,8628.31,64.1
2019-10-10 09:44:31.793,44374111,BTC-18OCT19-8500-C,187,1570700671793,0.5,0.5,0.038,buy,2,8528.11,61.37
2019-10-10 13:02:33.787,44397967,BTC-18OCT19-8500-C,188,1570712553787,0.6,0.6,0.0345,sell,2,8480.39,60.63
2019-10-10 13:41:40.988,44400954,BTC-18OCT19-8500-C,189,1570714900988,0.3,0.3,0.0375,buy,0,8499.58,63.95
2019-10-10 15:52:14.271,44413384,BTC-18OCT19-8500-C,190,1570722734271,2.0,2.0,0.04,buy,0,8563.72,62.21
2019-10-10 15:52:14.271,44413385,BTC-18OCT19-8500-C,191,1570722734271,2.0,2.0,0.04,buy,1,8563.72,62.21
2019-10-10 20:00:53.956,44430472,BTC-18OCT19-8500-C,192,1570737653956,1.0,1.0,0.040999999999999995,buy,0,8585.4,62.3
2019-10-10 20:24:18.867,44433537,BTC-18OCT19-8500-C,193,1570739058867,0.5,0.5,0.042,buy,0,8599.56,62.68
2019-10-10 20:37:20.618,44434984,BTC-18OCT19-8500-C,194,1570739840618,0.2,0.2,0.0415,buy,2,8577.02,64.32
2019-10-10 21:57:54.626,44441970,BTC-18OCT19-8500-C,195,1570744674626,3.0,3.0,0.0385,sell,2,8564.48,60.51
2019-10-10 23:06:06.086,44446473,BTC-18OCT19-8500-C,196,1570748766086,0.1,0.1,0.0415,sell,0,8586.72,63.61
2019-10-10 23:47:53.106,44449448,BTC-18OCT19-8500-C,197,1570751273106,1.0,1.0,0.0415,buy,1,8583.4,64.17
2019-10-11 00:04:02.314,44450572,BTC-18OCT19-8500-C,198,1570752242314,1.0,1.0,0.042,buy,0,8589.87,64.39
2019-10-11 00:16:01.250,44452129,BTC-18OCT19-8500-C,199,1570752961250,1.0,1.0,0.0385,sell,2,8562.27,61.21
2019-10-11 00:33:34.253,44454142,BTC-18OCT19-8500-C,200,1570754014253,1.0,1.0,0.039,buy,0,8553.39,63.15
2019-10-11 00:40:57.295,44456036,BTC-18OCT19-8500-C,201,1570754457295,1.0,1.0,0.038,buy,2,8533.71,63.46
2019-10-11 00:48:20.305,44456654,BTC-18OCT19-8500-C,203,1570754900305,7.0,7.0,0.036000000000000004,sell,3,8531.16,60.19
2019-10-11 00:48:20.305,44456653,BTC-18OCT19-8500-C,202,1570754900305,1.0,1.0,0.036000000000000004,sell,2,8531.16,60.19
2019-10-11 00:55:26.010,44457428,BTC-18OCT19-8500-C,204,1570755326010,4.7,4.7,0.038,buy,0,8538.19,62.98
2019-10-11 00:55:28.792,44457429,BTC-18OCT19-8500-C,205,1570755328792,0.3,0.3,0.038,sell,1,8538.22,62.99
2019-10-11 01:45:54.871,44460401,BTC-18OCT19-8500-C,206,1570758354871,0.2,0.2,0.0365,buy,2,8540.81,60.18
2019-10-11 02:17:43.355,44461340,BTC-18OCT19-8500-C,207,1570760263355,5.0,5.0,0.0355,sell,2,8533.48,59.27
2019-10-11 02:33:50.549,44462081,BTC-18OCT19-8500-C,208,1570761230549,2.0,2.0,0.037000000000000005,sell,0,8555.59,59.64
2019-10-11 02:40:23.699,44462227,BTC-18OCT19-8500-C,209,1570761623699,0.5,0.5,0.038,sell,0,8547.68,62.29
2019-10-11 02:47:15.506,44462378,BTC-18OCT19-8500-C,210,1570762035506,1.0,1.0,0.036000000000000004,sell,2,8542.81,59.24
2019-10-11 03:24:57.423,44463853,BTC-18OCT19-8500-C,211,1570764297423,6.0,6.0,0.038,buy,0,8565.52,60.54
2019-10-11 04:42:27.213,44467770,BTC-18OCT19-8500-C,212,1570768947213,0.5,0.5,0.039,sell,0,8586.84,60.19
2019-10-11 04:43:53.533,44468381,BTC-18OCT19-8500-C,213,1570769033533,9.5,9.5,0.04,buy,0,8598.44,60.83
2019-10-11 04:47:03.789,44476530,BTC-18OCT19-8500-C,214,1570769223789,1.0,1.0,0.0485,sell,0,8737.2,59.6
2019-10-11 04:47:44.587,44478016,BTC-18OCT19-8500-C,215,1570769264587,0.5,0.5,0.0495,buy,0,8708.49,65.28
2019-10-11 04:48:17.583,44478571,BTC-18OCT19-8500-C,216,1570769297583,0.2,0.2,0.049,buy,2,8714.2,63.37
2019-10-11 04:49:40.496,44479931,BTC-18OCT19-8500-C,217,1570769380496,0.2,0.2,0.05,buy,0,8736.3,62.78
2019-10-11 04:56:35.963,44483004,BTC-18OCT19-8500-C,218,1570769795963,0.1,0.1,0.051,buy,0,8735.63,64.76
2019-10-11 05:01:24.024,44486155,BTC-18OCT19-8500-C,219,1570770084024,0.3,0.3,0.054000000000000006,buy,0,8788.77,63.34
2019-10-11 05:04:57.639,44491044,BTC-18OCT19-8500-C,220,1570770297639,15.0,15.0,0.051,buy,2,8746.9,63.3
2019-10-11 05:17:12.875,44504378,BTC-18OCT19-8500-C,221,1570771032875,0.1,0.1,0.036000000000000004,buy,2,8518.49,62.33
2019-10-11 05:17:17.160,44504773,BTC-18OCT19-8500-C,222,1570771037160,0.1,0.1,0.035,sell,2,8504.02,61.48
2019-10-11 05:20:45.491,44512832,BTC-18OCT19-8500-C,223,1570771245491,1.5,1.5,0.037000000000000005,buy,0,8531.55,62.81
2019-10-11 05:21:33.681,44513671,BTC-18OCT19-8500-C,224,1570771293681,0.5,0.5,0.0375,sell,0,8525.13,64.34
2019-10-11 05:25:52.006,44517971,BTC-18OCT19-8500-C,225,1570771552006,1.0,1.0,0.037000000000000005,buy,2,8523.58,63.43
2019-10-11 05:27:56.769,44523635,BTC-18OCT19-8500-C,226,1570771676769,0.5,0.5,0.03,sell,2,8412.38,62.35
2019-10-11 05:28:04.366,44524152,BTC-18OCT19-8500-C,227,1570771684366,0.5,0.5,0.031,sell,0,8413.43,64.24
2019-10-11 05:28:18.350,44524880,BTC-18OCT19-8500-C,228,1570771698350,1.0,1.0,0.0315,buy,0,8403.61,65.02
2019-10-11 05:31:24.732,44531525,BTC-18OCT19-8500-C,229,1570771884732,1.6,1.6,0.031,sell,2,8399.56,65.13
2019-10-11 05:31:30.304,44531733,BTC-18OCT19-8500-C,230,1570771890304,0.9,0.9,0.031,sell,3,8404.86,64.57
2019-10-11 05:41:52.132,44539405,BTC-18OCT19-8500-C,231,1570772512132,0.5,0.5,0.0335,buy,0,8445.53,65.27
2019-10-11 05:47:49.216,44542524,BTC-18OCT19-8500-C,232,1570772869216,4.7,4.7,0.0325,buy,2,8447.46,63.34
2019-10-11 05:59:26.209,44545649,BTC-18OCT19-8500-C,233,1570773566209,1.0,1.0,0.033,buy,0,8443.45,64.76
2019-10-11 06:10:01.722,44551253,BTC-18OCT19-8500-C,234,1570774201722,1.0,1.0,0.032,buy,2,8420.59,65.27
2019-10-11 06:35:48.475,44556330,BTC-18OCT19-8500-C,235,1570775748475,2.0,2.0,0.031,buy,2,8409.26,64.45
2019-10-11 07:35:07.694,44566093,BTC-18OCT19-8500-C,236,1570779307694,0.2,0.2,0.03,buy,2,8402.53,63.44
2019-10-11 07:35:43.280,44566276,BTC-18OCT19-8500-C,237,1570779343280,0.3,0.3,0.03,buy,3,8406.68,63.11
2019-10-11 07:38:55.973,44566699,BTC-18OCT19-8500-C,238,1570779535973,2.0,2.0,0.03,buy,3,8403.14,63.36
2019-10-11 07:46:25.135,44567788,BTC-18OCT19-8500-C,239,1570779985135,6.0,6.0,0.028999999999999998,sell,2,8398.51,61.99
2019-10-11 07:46:53.395,44567858,BTC-18OCT19-8500-C,240,1570780013395,4.0,4.0,0.0295,buy,0,8401.94,62.63
2019-10-11 07:47:03.672,44567885,BTC-18OCT19-8500-C,241,1570780023672,0.2,0.2,0.0295,sell,1,8402.66,62.58
2019-10-11 07:51:32.646,44568429,BTC-18OCT19-8500-C,242,1570780292646,0.8,0.8,0.0315,buy,0,8421.28,64.44
2019-10-11 08:00:43.308,44569815,BTC-18OCT19-8500-C,243,1570780843308,4.3,4.3,0.028999999999999998,buy,2,8396.94,62.26
2019-10-11 08:02:10.326,44570077,BTC-18OCT19-8500-C,244,1570780930326,5.0,5.0,0.027999999999999997,sell,2,8391.11,61.01
2019-10-11 08:03:02.512,44570428,BTC-18OCT19-8500-C,245,1570780982512,2.2,2.2,0.027999999999999997,buy,3,8389.59,61.09
2019-10-11 08:03:35.996,44570757,BTC-18OCT19-8500-C,246,1570781015996,0.1,0.1,0.0275,sell,2,8377.79,61.35
2019-10-11 08:03:41.189,44570762,BTC-18OCT19-8500-C,247,1570781021189,2.0,2.0,0.0275,sell,3,8378.71,61.25
2019-10-11 08:03:42.462,44570774,BTC-18OCT19-8500-C,248,1570781022462,15.0,15.0,0.027999999999999997,buy,0,8378.62,62.15
2019-10-11 08:03:44.957,44570834,BTC-18OCT19-8500-C,249,1570781024957,9.0,9.0,0.027999999999999997,buy,1,8380.77,62.05
2019-10-11 08:04:03.478,44570879,BTC-18OCT19-8500-C,250,1570781043478,3.0,3.0,0.027000000000000003,sell,2,8382.21,60.0
2019-10-11 08:05:17.187,44571193,BTC-18OCT19-8500-C,251,1570781117187,0.8,0.8,0.03,buy,0,8393.22,64.39
2019-10-11 08:05:20.322,44571207,BTC-18OCT19-8500-C,252,1570781120322,0.8,0.8,0.03,sell,1,8394.0,64.25
2019-10-11 08:05:27.108,44571252,BTC-18OCT19-8500-C,253,1570781127108,18.0,18.0,0.0305,buy,0,8393.35,65.28
2019-10-11 08:05:27.108,44571253,BTC-18OCT19-8500-C,254,1570781127108,5.0,5.0,0.0305,buy,1,8393.35,65.28
2019-10-11 08:05:27.289,44571254,BTC-18OCT19-8500-C,255,1570781127289,0.8,0.8,0.0305,sell,1,8393.35,65.28
2019-10-11 08:05:28.395,44571258,BTC-18OCT19-8500-C,256,1570781128395,1.2,1.2,0.0305,sell,1,8393.45,65.26
2019-10-11 08:05:30.610,44571267,BTC-18OCT19-8500-C,257,1570781130610,5.0,5.0,0.03,sell,2,8393.53,64.35
2019-10-11 08:06:01.334,44571344,BTC-18OCT19-8500-C,258,1570781161334,18.4,18.4,0.03,sell,3,8395.15,64.2
2019-10-11 08:08:30.454,44575456,BTC-18OCT19-8500-C,259,1570781310454,12.0,12.0,0.027999999999999997,sell,2,8361.58,63.7
2019-10-11 08:08:39.291,44575532,BTC-18OCT19-8500-C,260,1570781319291,8.0,8.0,0.027999999999999997,sell,3,8357.39,63.89
2019-10-11 08:09:26.477,44576398,BTC-18OCT19-8500-C,261,1570781366477,0.1,0.1,0.028999999999999998,buy,0,8363.87,65.33
2019-10-11 08:14:47.470,44579268,BTC-18OCT19-8500-C,262,1570781687470,1.9,1.9,0.025,sell,2,8323.55,61.64
2019-10-11 08:17:36.351,44580058,BTC-18OCT19-8500-C,263,1570781856351,1.3,1.3,0.026000000000000002,sell,0,8353.46,60.8
2019-10-11 08:21:46.332,44580761,BTC-18OCT19-8500-C,265,1570782106332,0.8,0.8,0.027999999999999997,buy,1,8363.02,63.63
2019-10-11 08:21:46.332,44580760,BTC-18OCT19-8500-C,264,1570782106332,0.2,0.2,0.027999999999999997,buy,0,8363.02,63.63
2019-10-11 08:25:23.605,44581184,BTC-18OCT19-8500-C,266,1570782323605,1.0,1.0,0.026000000000000002,sell,2,8358.66,60.31
2019-10-11 08:25:48.964,44581217,BTC-18OCT19-8500-C,267,1570782348964,1.0,1.0,0.027000000000000003,buy,0,8360.34,62.19
2019-10-11 08:30:00.911,44581548,BTC-18OCT19-8500-C,268,1570782600911,0.1,0.1,0.026000000000000002,sell,2,8352.3,60.91
2019-10-11 08:31:49.325,44581761,BTC-18OCT19-8500-C,269,1570782709325,0.2,0.2,0.027000000000000003,buy,0,8361.45,62.14
2019-10-11 08:34:46.841,44581978,BTC-18OCT19-8500-C,270,1570782886841,15.0,15.0,0.027000000000000003,sell,1,8369.34,61.18
2019-10-11 08:34:46.846,44581979,BTC-18OCT19-8500-C,271,1570782886846,5.0,5.0,0.027000000000000003,buy,1,8369.34,61.18
2019-10-11 08:38:15.210,44582170,BTC-18OCT19-8500-C,272,1570783095210,1.1,1.1,0.027000000000000003,buy,1,8373.52,60.79
2019-10-11 08:38:37.130,44582194,BTC-18OCT19-8500-C,274,1570783117130,0.2,0.2,0.0265,sell,3,8374.16,59.82
2019-10-11 08:38:37.130,44582193,BTC-18OCT19-8500-C,273,1570783117130,0.8,0.8,0.0265,sell,2,8374.16,59.82
2019-10-11 08:42:01.493,44582376,BTC-18OCT19-8500-C,275,1570783321493,0.1,0.1,0.027000000000000003,buy,0,8367.99,61.29
2019-10-11 08:42:45.854,44582406,BTC-18OCT19-8500-C,276,1570783365854,6.0,6.0,0.026000000000000002,sell,2,8367.64,59.53
2019-10-11 08:43:45.784,44582547,BTC-18OCT19-8500-C,277,1570783425784,0.1,0.1,0.0255,sell,2,8360.95,59.25
2019-10-11 08:45:07.887,44582697,BTC-18OCT19-8500-C,278,1570783507887,0.1,0.1,0.027000000000000003,buy,0,8371.87,60.97
2019-10-11 08:49:28.230,44582958,BTC-18OCT19-8500-C,279,1570783768230,0.2,0.2,0.026000000000000002,buy,2,8370.72,59.23
2019-10-11 08:51:10.805,44583011,BTC-18OCT19-8500-C,280,1570783870805,5.0,5.0,0.027000000000000003,sell,0,8374.6,60.71
2019-10-11 09:02:19.413,44583780,BTC-18OCT19-8500-C,281,1570784539413,0.1,0.1,0.027000000000000003,buy,1,8364.52,61.74
2019-10-11 09:13:46.741,44584386,BTC-18OCT19-8500-C,282,1570785226741,0.5,0.5,0.0275,buy,0,8381.68,61.07
2019-10-11 10:10:13.057,44586888,BTC-18OCT19-8500-C,284,1570788613057,5.0,5.0,0.0265,sell,3,8351.25,62.17
2019-10-11 10:10:13.057,44586889,BTC-18OCT19-8500-C,285,1570788613057,4.0,4.0,0.0265,sell,3,8351.25,62.17
2019-10-11 10:10:13.057,44586887,BTC-18OCT19-8500-C,283,1570788613057,5.0,5.0,0.0265,sell,2,8351.25,62.17
2019-10-11 10:14:09.592,44587064,BTC-18OCT19-8500-C,286,1570788849592,1.0,1.0,0.0265,sell,3,8354.88,61.88
2019-10-11 10:45:29.446,44587877,BTC-18OCT19-8500-C,287,1570790729446,0.4,0.4,0.0265,buy,3,8381.96,59.57
2019-10-11 10:46:12.684,44587948,BTC-18OCT19-8500-C,288,1570790772684,1.0,1.0,0.0265,buy,3,8383.96,59.31
2019-10-11 10:46:27.292,44587970,BTC-18OCT19-8500-C,289,1570790787292,0.5,0.5,0.0265,buy,3,8383.21,59.35
2019-10-11 10:50:15.921,44588132,BTC-18OCT19-8500-C,290,1570791015921,0.1,0.1,0.0265,buy,3,8377.88,59.86
2019-10-11 11:24:14.004,44593419,BTC-18OCT19-8500-C,291,1570793054004,0.1,0.1,0.023,sell,2,8320.12,58.65
2019-10-11 11:32:02.797,44594549,BTC-18OCT19-8500-C,292,1570793522797,2.0,2.0,0.024,buy,0,8332.51,59.51
2019-10-11 11:39:33.692,44595622,BTC-18OCT19-8500-C,293,1570793973692,0.2,0.2,0.023,sell,2,8316.65,59.04
2019-10-11 11:43:26.270,44595887,BTC-18OCT19-8500-C,294,1570794206270,0.5,0.5,0.026000000000000002,sell,0,8332.83,63.27
2019-10-11 12:31:09.907,44600627,BTC-18OCT19-8500-C,295,1570797069907,0.5,0.5,0.024,buy,2,8345.0,58.59
2019-10-11 12:46:52.037,44601576,BTC-18OCT19-8500-C,296,1570798012037,0.1,0.1,0.027000000000000003,buy,0,8357.81,63.04
2019-10-11 13:46:23.680,44604363,BTC-18OCT19-8500-C,297,1570801583680,0.5,0.5,0.025,buy,2,8358.14,59.51
2019-10-11 14:39:50.799,44608806,BTC-18OCT19-8500-C,299,1570804790799,1.0,1.0,0.0235,buy,3,8323.95,59.89
2019-10-11 14:39:50.799,44608805,BTC-18OCT19-8500-C,298,1570804790799,0.5,0.5,0.0235,buy,2,8323.95,59.89
2019-10-11 14:41:10.857,44608935,BTC-18OCT19-8500-C,300,1570804870857,0.2,0.2,0.022000000000000002,sell,2,8328.44,56.68
2019-10-11 15:43:26.354,44613269,BTC-18OCT19-8500-C,301,1570808606354,0.8,0.8,0.024,buy,0,8336.11,59.99
2019-10-11 16:13:42.031,44616835,BTC-18OCT19-8500-C,302,1570810422031,0.5,0.5,0.022000000000000002,sell,2,8304.37,59.04
2019-10-11 16:15:04.519,44617384,BTC-18OCT19-8500-C,303,1570810504519,3.0,3.0,0.022000000000000002,sell,3,8302.78,59.16
2019-10-11 16:20:00.168,44618209,BTC-18OCT19-8500-C,304,1570810800168,0.1,0.1,0.022000000000000002,sell,3,8304.79,59.09
2019-10-11 16:28:32.105,44619287,BTC-18OCT19-8500-C,305,1570811312105,0.4,0.4,0.022000000000000002,sell,3,8295.96,59.87
2019-10-11 16:28:36.845,44619349,BTC-18OCT19-8500-C,306,1570811316845,14.0,14.0,0.022000000000000002,sell,3,8291.52,60.27
2019-10-11 16:29:43.781,44619585,BTC-18OCT19-8500-C,307,1570811383781,2.0,2.0,0.022000000000000002,sell,3,8290.83,60.28
2019-10-11 16:30:03.282,44619608,BTC-18OCT19-8500-C,308,1570811403282,4.8,4.8,0.022000000000000002,sell,3,8294.2,59.99
2019-10-11 16:30:41.820,44619644,BTC-18OCT19-8500-C,310,1570811441820,0.1,0.1,0.0205,sell,3,8290.53,57.46
2019-10-11 16:30:41.820,44619643,BTC-18OCT19-8500-C,309,1570811441820,0.4,0.4,0.0205,sell,2,8290.53,57.46
2019-10-11 16:40:30.763,44621486,BTC-18OCT19-8500-C,311,1570812030763,0.9,0.9,0.023,buy,0,8339.18,57.99
2019-10-11 16:57:14.959,44623275,BTC-18OCT19-8500-C,312,1570813034959,1.0,1.0,0.023,buy,1,8344.56,57.49
2019-10-11 16:57:44.594,44623318,BTC-18OCT19-8500-C,313,1570813064594,1.3,1.3,0.023,buy,1,8346.24,57.29
2019-10-11 17:49:20.044,44627930,BTC-18OCT19-8500-C,314,1570816160044,3.0,3.0,0.0225,buy,2,8343.89,56.65
2019-10-11 19:27:52.695,44632286,BTC-18OCT19-8500-C,315,1570822072695,1.0,1.0,0.0215,buy,2,8325.32,56.85
2019-10-11 20:08:49.378,44634273,BTC-18OCT19-8500-C,317,1570824529378,0.1,0.1,0.0245,buy,1,8352.46,60.4
2019-10-11 20:08:49.378,44634272,BTC-18OCT19-8500-C,316,1570824529378,0.4,0.4,0.0245,buy,0,8352.46,60.4
2019-10-11 21:22:10.924,44637515,BTC-18OCT19-8500-C,318,1570828930924,0.4,0.4,0.0205,sell,2,8325.55,55.29
2019-10-11 21:22:10.924,44637516,BTC-18OCT19-8500-C,319,1570828930924,0.6,0.6,0.0205,sell,3,8325.55,55.29
2019-10-11 21:22:31.412,44637528,BTC-18OCT19-8500-C,320,1570828951412,0.5,0.5,0.0225,buy,0,8327.71,58.94
2019-10-11 21:39:36.819,44638146,BTC-18OCT19-8500-C,321,1570829976819,1.0,1.0,0.021,buy,2,8310.52,57.56
2019-10-11 22:36:57.378,44639661,BTC-18OCT19-8500-C,322,1570833417378,2.4,2.4,0.022000000000000002,buy,0,8349.1,56.18
2019-10-11 23:09:24.930,44640441,BTC-18OCT19-8500-C,323,1570835364930,0.1,0.1,0.02,sell,2,8323.03,54.74
2019-10-11 23:46:59.978,44643732,BTC-18OCT19-8500-C,324,1570837619978,0.1,0.1,0.018000000000000002,sell,2,8260.79,56.41
2019-10-11 23:46:59.978,44643733,BTC-18OCT19-8500-C,325,1570837619978,0.9,0.9,0.018000000000000002,sell,3,8260.79,56.41
2019-10-11 23:47:09.639,44644763,BTC-18OCT19-8500-C,326,1570837629639,15.0,15.0,0.018000000000000002,sell,3,8238.63,58.28
2019-10-11 23:47:10.861,44644877,BTC-18OCT19-8500-C,327,1570837630861,0.4,0.4,0.018000000000000002,sell,3,8240.06,58.28
2019-10-11 23:47:14.233,44645164,BTC-18OCT19-8500-C,328,1570837634233,8.700000000000001,8.700000000000001,0.018000000000000002,sell,3,8238.36,58.26
2019-10-12 00:28:09.116,44651433,BTC-18OCT19-8500-C,329,1570840089116,1.0,1.0,0.018000000000000002,sell,3,8299.39,53.1
2019-10-12 01:49:21.697,44656301,BTC-18OCT19-8500-C,330,1570844961697,0.2,0.2,0.021,sell,0,8321.8,57.27
2019-10-12 03:17:12.693,44658440,BTC-18OCT19-8500-C,331,1570850232693,0.4,0.4,0.02,buy,2,8314.41,56.27
2019-10-12 03:17:15.183,44658442,BTC-18OCT19-8500-C,332,1570850235183,0.4,0.4,0.02,sell,3,8314.47,56.29
2019-10-12 03:17:15.619,44658445,BTC-18OCT19-8500-C,333,1570850235619,0.4,0.4,0.02,sell,3,8314.47,56.29
2019-10-12 03:18:42.413,44658453,BTC-18OCT19-8500-C,334,1570850322413,0.8,0.8,0.0205,buy,0,8314.33,57.27
2019-10-12 05:15:24.836,44661196,BTC-18OCT19-8500-C,335,1570857324836,0.1,0.1,0.021,buy,0,8336.57,56.63
2019-10-12 05:48:02.739,44662031,BTC-18OCT19-8500-C,336,1570859282739,0.1,0.1,0.019,sell,2,8361.74,50.44
2019-10-12 05:49:36.778,44662446,BTC-18OCT19-8500-C,337,1570859376778,0.1,0.1,0.02,buy,0,8343.1,54.18
2019-10-12 06:00:00.917,44662757,BTC-18OCT19-8500-C,338,1570860000917,1.0,1.0,0.021,buy,0,8343.12,56.23
2019-10-12 06:01:10.482,44662873,BTC-18OCT19-8500-C,339,1570860070482,2.4,2.4,0.021,buy,1,8348.98,55.66
2019-10-12 06:12:23.707,44663373,BTC-18OCT19-8500-C,340,1570860743707,0.1,0.1,0.02,sell,2,8349.65,53.66
2019-10-12 06:25:34.249,44663673,BTC-18OCT19-8500-C,341,1570861534249,0.3,0.3,0.019,sell,2,8344.09,52.2
2019-10-12 09:03:11.291,44666749,BTC-18OCT19-8500-C,342,1570870991291,0.4,0.4,0.021,buy,0,8354.81,55.8
2019-10-12 09:06:31.653,44666860,BTC-18OCT19-8500-C,343,1570871191653,1.0,1.0,0.021,buy,1,8358.18,55.47
2019-10-12 09:17:41.233,44667323,BTC-18OCT19-8500-C,344,1570871861233,0.4,0.4,0.021,buy,1,8368.82,54.47
2019-10-12 09:17:41.348,44667324,BTC-18OCT19-8500-C,345,1570871861348,0.4,0.4,0.021,buy,1,8368.82,54.47
2019-10-12 09:17:51.015,44667421,BTC-18OCT19-8500-C,346,1570871871015,14.3,14.3,0.021,buy,1,8371.92,54.14
2019-10-12 09:18:42.830,44667506,BTC-18OCT19-8500-C,347,1570871922830,0.3,0.3,0.0235,sell,0,8369.53,59.35
2019-10-12 12:02:54.944,44673496,BTC-18OCT19-8500-C,348,1570881774944,1.0,1.0,0.019,sell,2,8335.92,54.1
2019-10-12 12:59:26.991,44674591,BTC-18OCT19-8500-C,349,1570885166991,0.1,0.1,0.02,buy,0,8345.27,55.49
2019-10-12 13:10:53.274,44675036,BTC-18OCT19-8500-C,350,1570885853274,0.6,0.6,0.02,buy,1,8347.82,55.27
2019-10-12 13:25:10.842,44675330,BTC-18OCT19-8500-C,351,1570886710842,1.0,1.0,0.0195,sell,2,8345.72,54.48
2019-10-12 13:28:44.872,44675408,BTC-18OCT19-8500-C,352,1570886924872,1.0,1.0,0.02,buy,0,8342.71,55.83
2019-10-12 13:41:09.285,44675556,BTC-18OCT19-8500-C,353,1570887669285,0.1,0.1,0.0195,sell,2,8341.99,54.89
2019-10-12 13:53:11.614,44675890,BTC-18OCT19-8500-C,354,1570888391614,0.9,0.9,0.0195,sell,3,8329.95,56.1
2019-10-12 14:27:32.662,44676678,BTC-18OCT19-8500-C,355,1570890452662,0.5,0.5,0.018000000000000002,buy,2,8330.14,53.09
2019-10-12 14:39:16.269,44676876,BTC-18OCT19-8500-C,356,1570891156269,8.3,8.3,0.02,buy,0,8329.32,57.32
2019-10-12 14:40:43.270,44676909,BTC-18OCT19-8500-C,357,1570891243270,1.7,1.7,0.02,sell,1,8334.53,56.82
2019-10-12 14:47:52.043,44677081,BTC-18OCT19-8500-C,358,1570891672043,5.0,5.0,0.021,buy,0,8341.34,58.27
2019-10-12 15:07:20.641,44682690,BTC-18OCT19-8500-C,359,1570892840641,0.1,0.1,0.021,buy,1,8370.03,55.5
2019-10-12 15:08:43.609,44682746,BTC-18OCT19-8500-C,360,1570892923609,0.4,0.4,0.0195,sell,2,8378.01,51.71
2019-10-12 15:20:21.977,44683376,BTC-18OCT19-8500-C,361,1570893621977,0.1,0.1,0.02,sell,0,8372.49,53.27
2019-10-12 15:56:02.341,44684922,BTC-18OCT19-8500-C,362,1570895762341,0.8,0.8,0.0225,buy,0,8396.05,56.15
2019-10-12 16:13:20.332,44686802,BTC-18OCT19-8500-C,363,1570896800332,0.8,0.8,0.021,sell,2,8357.11,57.08
2019-10-12 17:43:21.718,44690295,BTC-18OCT19-8500-C,364,1570902201718,0.4,0.4,0.02,sell,2,8344.5,56.52
2019-10-12 18:21:45.613,44692737,BTC-18OCT19-8500-C,365,1570904505613,1.0,1.0,0.0195,buy,2,8319.29,57.98
2019-10-12 18:29:35.412,44692917,BTC-18OCT19-8500-C,366,1570904975412,1.0,1.0,0.0195,buy,3,8325.24,57.49
2019-10-12 18:58:05.845,44693651,BTC-18OCT19-8500-C,367,1570906685845,0.4,0.4,0.0185,sell,2,8324.03,55.61
2019-10-12 18:58:05.845,44693652,BTC-18OCT19-8500-C,368,1570906685845,0.8,0.8,0.0175,sell,2,8324.03,53.5
2019-10-12 18:58:05.845,44693653,BTC-18OCT19-8500-C,369,1570906685845,0.8,0.8,0.0175,sell,3,8324.03,53.5
2019-10-13 01:28:03.271,44705503,BTC-18OCT19-8500-C,370,1570930083271,0.1,0.1,0.0175,buy,3,8353.64,51.94
2019-10-13 04:09:30.252,44708708,BTC-18OCT19-8500-C,371,1570939770252,0.1,0.1,0.018000000000000002,buy,0,8357.25,53.2
2019-10-13 05:25:21.566,44710028,BTC-18OCT19-8500-C,372,1570944321566,1.0,1.0,0.017,sell,2,8328.57,54.18
2019-10-13 05:25:21.566,44710029,BTC-18OCT19-8500-C,373,1570944321566,0.1,0.1,0.017,sell,3,8328.57,54.18
