date_utc,tradeId,instrument,tradeSeq,timeStamp,quantity,amount,price,direction,tickDirection,indexPrice,iv
2019-10-06 10:13:36.091,43824780,BTC-25OCT19-7000-P,653,1570356816091,0.2,0.2,0.025,buy,0,7936.01,80.3
2019-10-06 10:21:20.106,43825046,BTC-25OCT19-7000-P,654,1570357280106,0.1,0.1,0.025,sell,1,7944.92,80.69
2019-10-06 10:21:27.004,43825048,BTC-25OCT19-7000-P,655,1570357287004,0.2,0.2,0.025,sell,1,7944.9,80.69
2019-10-06 12:37:54.817,43830656,BTC-25OCT19-7000-P,656,1570365474817,0.5,0.5,0.024,buy,2,7956.84,79.96
2019-10-06 13:12:30.367,43831278,BTC-25OCT19-7000-P,657,1570367550367,0.1,0.1,0.024,sell,3,7945.0,79.51
2019-10-06 13:52:42.742,43832498,BTC-25OCT19-7000-P,658,1570369962742,1.0,1.0,0.0255,buy,0,7930.57,81.13
2019-10-06 13:55:24.125,43833010,BTC-25OCT19-7000-P,659,1570370124125,5.0,5.0,0.026000000000000002,sell,0,7915.66,81.17
2019-10-06 14:26:06.081,43836278,BTC-25OCT19-7000-P,660,1570371966081,1.4,1.4,0.0265,buy,0,7904.0,81.42
2019-10-06 14:26:58.391,43836333,BTC-25OCT19-7000-P,661,1570372018391,2.0,2.0,0.027000000000000003,buy,0,7902.71,82.13
2019-10-06 19:17:36.481,43871529,BTC-25OCT19-7000-P,662,1570389456481,2.0,2.0,0.0255,sell,2,7872.06,78.9
2019-10-06 19:49:07.260,43872535,BTC-25OCT19-7000-P,663,1570391347260,0.1,0.1,0.0285,sell,0,7880.0,83.6
2019-10-06 20:43:52.464,43877437,BTC-25OCT19-7000-P,664,1570394632464,0.3,0.3,0.027999999999999997,sell,2,7898.94,84.02
2019-10-07 00:41:06.526,43896949,BTC-25OCT19-7000-P,665,1570408866526,2.2,2.2,0.0275,sell,2,7817.08,79.81
2019-10-07 00:47:06.344,43898544,BTC-25OCT19-7000-P,666,1570409226344,2.0,2.0,0.026000000000000002,sell,2,7847.41,79.14
2019-10-07 03:50:51.357,43911362,BTC-25OCT19-7000-P,667,1570420251357,20.0,20.0,0.0275,buy,0,7878.28,83.07
2019-10-07 08:12:32.409,43922486,BTC-25OCT19-7000-P,668,1570435952409,1.0,1.0,0.0255,sell,2,7918.9,82.42
2019-10-07 10:41:33.582,43935801,BTC-25OCT19-7000-P,669,1570444893582,0.1,0.1,0.024,buy,2,7997.27,84.17
2019-10-07 11:16:46.272,43937592,BTC-25OCT19-7000-P,670,1570447006272,1.0,1.0,0.022000000000000002,sell,2,8008.63,81.51
2019-10-07 11:16:46.272,43937593,BTC-25OCT19-7000-P,671,1570447006272,5.0,5.0,0.0215,sell,2,8008.63,80.7
2019-10-07 11:19:49.926,43937815,BTC-25OCT19-7000-P,672,1570447189926,2.0,2.0,0.0215,sell,3,8020.58,81.3
2019-10-07 11:26:05.038,43938279,BTC-25OCT19-7000-P,673,1570447565038,0.2,0.2,0.0215,sell,3,8013.3,80.91
2019-10-07 11:26:40.031,43938314,BTC-25OCT19-7000-P,674,1570447600031,6.8,6.8,0.0205,sell,2,8009.78,79.14
2019-10-07 12:36:23.392,43946194,BTC-25OCT19-7000-P,675,1570451783392,0.2,0.2,0.019,sell,2,8142.53,82.44
2019-10-07 12:52:53.003,43950861,BTC-25OCT19-7000-P,676,1570452773003,1.0,1.0,0.018000000000000002,sell,2,8140.58,80.52
2019-10-07 14:56:57.222,43962087,BTC-25OCT19-7000-P,677,1570460217222,0.3,0.3,0.017,sell,2,8170.2,80.21
2019-10-07 14:56:57.332,43962088,BTC-25OCT19-7000-P,678,1570460217332,0.7000000000000001,0.7000000000000001,0.017,buy,3,8170.2,80.21
2019-10-07 16:51:05.371,43976989,BTC-25OCT19-7000-P,679,1570467065371,5.0,5.0,0.016,sell,2,8250.99,81.76
2019-10-07 20:06:28.900,43993560,BTC-25OCT19-7000-P,680,1570478788900,0.1,0.1,0.015,sell,2,8242.6,79.88
2019-10-07 20:38:48.882,43995209,BTC-25OCT19-7000-P,681,1570480728882,0.1,0.1,0.0175,buy,0,8218.36,83.64
2019-10-08 02:06:18.891,44010705,BTC-25OCT19-7000-P,682,1570500378891,1.0,1.0,0.015,sell,2,8312.11,83.21
2019-10-08 03:33:56.172,44016910,BTC-25OCT19-7000-P,683,1570505636172,5.0,5.0,0.0165,sell,0,8267.39,84.46
2019-10-08 03:48:49.020,44017411,BTC-25OCT19-7000-P,684,1570506529020,20.0,20.0,0.0165,buy,1,8277.6,84.97
2019-10-08 03:51:41.969,44017446,BTC-25OCT19-7000-P,685,1570506701969,15.0,15.0,0.0165,buy,1,8279.72,85.06
2019-10-08 03:51:41.969,44017447,BTC-25OCT19-7000-P,686,1570506701969,6.0,6.0,0.0165,buy,1,8279.72,85.06
2019-10-08 04:11:33.838,44017903,BTC-25OCT19-7000-P,687,1570507893838,4.0,4.0,0.0165,sell,1,8288.87,85.47
2019-10-08 14:41:21.443,44070581,BTC-25OCT19-7000-P,688,1570545681443,1.0,1.0,0.0165,buy,1,8191.06,82.64
2019-10-08 16:53:06.434,44085087,BTC-25OCT19-7000-P,689,1570553586434,1.0,1.0,0.0145,sell,2,8185.02,78.69
2019-10-08 16:53:06.539,44085088,BTC-25OCT19-7000-P,690,1570553586539,3.0,3.0,0.0145,buy,3,8185.02,78.69
2019-10-08 16:53:08.697,44085089,BTC-25OCT19-7000-P,691,1570553588697,3.0,3.0,0.0145,buy,3,8185.02,78.68
2019-10-08 16:53:10.855,44085090,BTC-25OCT19-7000-P,692,1570553590855,3.0,3.0,0.0145,buy,3,8184.94,78.68
2019-10-08 17:13:43.443,44086658,BTC-25OCT19-7000-P,693,1570554823443,10.0,10.0,0.013999999999999999,sell,2,8185.2,77.76
2019-10-08 17:18:54.834,44087056,BTC-25OCT19-7000-P,694,1570555134834,5.0,5.0,0.0145,buy,0,8180.26,78.55
2019-10-08 17:21:13.661,44087110,BTC-25OCT19-7000-P,695,1570555273661,5.0,5.0,0.0145,sell,1,8179.1,78.51
2019-10-08 17:47:43.792,44088421,BTC-25OCT19-7000-P,696,1570556863792,5.0,5.0,0.013999999999999999,sell,2,8183.16,77.71
2019-10-08 17:47:43.792,44088422,BTC-25OCT19-7000-P,697,1570556863792,10.0,10.0,0.013999999999999999,sell,3,8183.16,77.71
2019-10-08 17:56:22.808,44088972,BTC-25OCT19-7000-P,698,1570557382808,5.0,5.0,0.013999999999999999,sell,3,8178.57,77.53
2019-10-08 17:59:08.465,44089089,BTC-25OCT19-7000-P,699,1570557548465,10.0,10.0,0.013999999999999999,sell,3,8180.92,77.62
2019-10-08 18:00:08.600,44089138,BTC-25OCT19-7000-P,700,1570557608600,5.0,5.0,0.0135,sell,2,8181.0,76.61
2019-10-08 18:00:39.837,44089317,BTC-25OCT19-7000-P,701,1570557639837,10.0,10.0,0.0135,sell,3,8184.59,76.75
2019-10-08 21:07:50.645,44110337,BTC-25OCT19-7000-P,702,1570568870645,2.0,2.0,0.016,sell,0,8133.12,79.84
2019-10-09 09:35:57.449,44182686,BTC-25OCT19-7000-P,703,1570613757449,5.0,5.0,0.013000000000000001,buy,2,8199.44,78.0
2019-10-09 10:36:34.725,44189457,BTC-25OCT19-7000-P,704,1570617394725,0.3,0.3,0.013000000000000001,buy,3,8210.59,78.5
2019-10-09 13:54:11.857,44200969,BTC-25OCT19-7000-P,705,1570629251857,0.1,0.1,0.0135,sell,0,8210.54,79.88
2019-10-09 14:03:49.826,44205290,BTC-25OCT19-7000-P,706,1570629829826,0.1,0.1,0.0125,sell,2,8272.19,80.29
2019-10-09 14:08:15.216,44208569,BTC-25OCT19-7000-P,707,1570630095216,2.0,2.0,0.012,buy,2,8294.6,80.16
2019-10-09 14:30:54.159,44228024,BTC-25OCT19-7000-P,708,1570631454159,1.0,1.0,0.0115,buy,2,8401.7,83.1
2019-10-09 14:35:56.817,44229847,BTC-25OCT19-7000-P,709,1570631756817,0.1,0.1,0.0095,sell,2,8444.61,79.83
2019-10-09 14:35:56.817,44229848,BTC-25OCT19-7000-P,710,1570631756817,0.9,0.9,0.0095,sell,3,8444.61,79.83
2019-10-09 16:26:53.319,44292789,BTC-25OCT19-7000-P,711,1570638413319,0.3,0.3,0.0095,sell,3,8603.21,85.68
2019-10-09 16:48:50.675,44299765,BTC-25OCT19-7000-P,712,1570639730675,1.0,1.0,0.0095,buy,3,8596.59,85.46
2019-10-09 17:21:10.185,44304336,BTC-25OCT19-7000-P,713,1570641670185,0.1,0.1,0.0085,sell,2,8624.1,83.75
2019-10-09 17:21:53.334,44304460,BTC-25OCT19-7000-P,714,1570641713334,4.9,4.9,0.0085,buy,3,8616.34,83.51
2019-10-09 19:13:49.995,44323934,BTC-25OCT19-7000-P,715,1570648429995,7.5,7.5,0.009000000000000001,buy,0,8600.03,84.49
2019-10-09 20:00:33.151,44326689,BTC-25OCT19-7000-P,716,1570651233151,0.1,0.1,0.006999999999999999,sell,2,8612.3,79.16
2019-10-09 22:06:32.123,44336980,BTC-25OCT19-7000-P,717,1570658792123,1.0,1.0,0.008,sell,0,8622.58,82.83
2019-10-10 01:50:12.610,44347345,BTC-25OCT19-7000-P,718,1570672212610,0.3,0.3,0.008,sell,1,8563.6,81.19
2019-10-10 01:50:12.610,44347346,BTC-25OCT19-7000-P,719,1570672212610,0.7000000000000001,0.7000000000000001,0.008,sell,1,8563.6,81.19
2019-10-10 03:20:36.865,44352335,BTC-25OCT19-7000-P,720,1570677636865,0.1,0.1,0.008,sell,1,8589.92,82.28
2019-10-10 08:38:13.194,44366081,BTC-25OCT19-7000-P,721,1570696693194,1.0,1.0,0.0075,buy,2,8577.84,81.0
2019-10-10 08:38:44.924,44366112,BTC-25OCT19-7000-P,722,1570696724924,1.0,1.0,0.0075,buy,3,8577.05,80.96
2019-10-10 08:39:17.924,44366252,BTC-25OCT19-7000-P,723,1570696757924,0.1,0.1,0.0075,buy,3,8578.12,81.02
2019-10-10 14:09:07.480,44403461,BTC-25OCT19-7000-P,724,1570716547480,5.0,5.0,0.008,sell,0,8520.02,81.06
2019-10-10 16:08:22.707,44416066,BTC-25OCT19-7000-P,725,1570723702707,0.1,0.1,0.0075,sell,2,8583.01,81.96
2019-10-10 16:43:22.252,44420139,BTC-25OCT19-7000-P,726,1570725802252,100.0,100.0,0.006999999999999999,buy,2,8542.43,79.1
2019-10-10 17:23:56.504,44421933,BTC-25OCT19-7000-P,727,1570728236504,1.0,1.0,0.006999999999999999,sell,3,8557.4,79.68
2019-10-10 20:01:01.362,44430694,BTC-25OCT19-7000-P,728,1570737661362,4.0,4.0,0.006999999999999999,sell,3,8585.61,80.99
2019-10-10 21:22:57.978,44438028,BTC-25OCT19-7000-P,729,1570742577978,18.0,18.0,0.006999999999999999,sell,3,8612.25,82.02
2019-10-11 04:24:23.068,44467007,BTC-25OCT19-7000-P,730,1570767863068,0.1,0.1,0.0065,sell,2,8569.04,79.75
2019-10-11 04:24:34.517,44467008,BTC-25OCT19-7000-P,731,1570767874517,3.9,3.9,0.0065,buy,3,8569.35,79.75
2019-10-11 05:01:07.122,44485259,BTC-25OCT19-7000-P,732,1570770067122,0.5,0.5,0.0055,buy,2,8764.08,82.72
2019-10-11 05:15:40.718,44498783,BTC-25OCT19-7000-P,733,1570770940718,0.1,0.1,0.006999999999999999,buy,0,8630.94,83.8
2019-10-11 05:15:40.718,44498784,BTC-25OCT19-7000-P,734,1570770940718,0.1,0.1,0.006999999999999999,buy,1,8630.94,83.8
2019-10-11 08:17:30.570,44580047,BTC-25OCT19-7000-P,735,1570781850570,3.0,3.0,0.009000000000000001,sell,0,8351.72,79.5
2019-10-11 08:36:02.349,44582086,BTC-25OCT19-7000-P,736,1570782962349,10.0,10.0,0.009000000000000001,sell,1,8372.96,80.43
2019-10-11 08:41:32.537,44582352,BTC-25OCT19-7000-P,737,1570783292537,7.0,7.0,0.009000000000000001,sell,1,8369.69,80.35
2019-10-11 08:47:41.037,44582837,BTC-25OCT19-7000-P,738,1570783661037,5.0,5.0,0.0095,buy,0,8364.66,81.49
2019-10-11 15:03:57.335,44610546,BTC-25OCT19-7000-P,739,1570806237335,5.0,5.0,0.0095,sell,1,8305.14,79.9
2019-10-11 15:08:44.655,44611181,BTC-25OCT19-7000-P,740,1570806524655,0.2,0.2,0.008,sell,2,8314.12,76.19
2019-10-11 15:08:44.655,44611182,BTC-25OCT19-7000-P,741,1570806524655,2.8000000000000003,2.8000000000000003,0.008,sell,3,8314.12,76.19
2019-10-11 15:36:19.833,44612747,BTC-25OCT19-7000-P,742,1570808179833,0.2,0.2,0.009000000000000001,buy,0,8334.1,79.7
2019-10-11 18:41:36.183,44630456,BTC-25OCT19-7000-P,743,1570819296183,2.0,2.0,0.008,buy,2,8309.94,76.48
2019-10-11 18:41:59.764,44630476,BTC-25OCT19-7000-P,744,1570819319764,1.0,1.0,0.008,buy,3,8310.05,76.49
2019-10-11 18:45:46.974,44630658,BTC-25OCT19-7000-P,745,1570819546974,1.0,1.0,0.008,buy,3,8315.6,76.69
2019-10-11 18:47:01.185,44630754,BTC-25OCT19-7000-P,746,1570819621185,1.0,1.0,0.008,buy,3,8322.25,76.95
2019-10-11 18:48:38.057,44630805,BTC-25OCT19-7000-P,748,1570819718057,1.0,1.0,0.008,buy,3,8324.96,77.05
2019-10-11 18:48:38.057,44630804,BTC-25OCT19-7000-P,747,1570819718057,1.0,1.0,0.008,buy,3,8324.96,77.05
2019-10-11 20:31:00.051,44635978,BTC-25OCT19-7000-P,749,1570825860051,1.0,1.0,0.0075,buy,2,8338.63,76.36
2019-10-11 20:34:41.659,44636054,BTC-25OCT19-7000-P,750,1570826081659,2.0,2.0,0.0075,buy,3,8340.34,76.42
2019-10-11 20:35:01.797,44636063,BTC-25OCT19-7000-P,751,1570826101797,1.0,1.0,0.0075,sell,3,8339.56,76.4
2019-10-12 14:58:07.663,44680591,BTC-25OCT19-7000-P,752,1570892287663,1.0,1.0,0.006999999999999999,sell,2,8394.09,79.16
2019-10-12 14:58:07.663,44680592,BTC-25OCT19-7000-P,753,1570892287663,1.9,1.9,0.006999999999999999,sell,3,8394.09,79.16
2019-10-12 15:12:02.871,44683026,BTC-25OCT19-7000-P,754,1570893122871,0.1,0.1,0.0065,sell,2,8389.24,77.4
2019-10-12 15:14:28.685,44683139,BTC-25OCT19-7000-P,755,1570893268685,0.1,0.1,0.0065,sell,3,8389.89,77.43
2019-10-12 16:57:25.937,44689368,BTC-25OCT19-7000-P,756,1570899445937,1.0,1.0,0.0075,buy,0,8340.7,78.89
2019-10-12 16:58:08.846,44689378,BTC-25OCT19-7000-P,757,1570899488846,1.0,1.0,0.0075,buy,1,8342.02,78.93
2019-10-13 15:42:27.777,44741746,BTC-25OCT19-7000-P,758,1570981347777,1.0,1.0,0.006999999999999999,sell,2,8408.06,83.11
2019-10-13 16:41:31.329,44746590,BTC-25OCT19-7000-P,759,1570984891329,0.8,0.8,0.0065,sell,2,8455.2,83.48
2019-10-13 16:41:31.329,44746591,BTC-25OCT19-7000-P,760,1570984891329,0.2,0.2,0.0065,sell,3,8455.2,83.48
2019-10-13 16:50:14.666,44746967,BTC-25OCT19-7000-P,761,1570985414666,0.8,0.8,0.0065,sell,3,8449.79,83.29
2019-10-14 05:13:22.375,44800884,BTC-25OCT19-7000-P,762,1571030002375,0.2,0.2,0.0065,sell,3,8285.54,78.51
2019-10-14 05:40:53.801,44802564,BTC-25OCT19-7000-P,763,1571031653801,2.0,2.0,0.006,sell,2,8325.28,78.48
2019-10-14 10:06:18.579,44809078,BTC-25OCT19-7000-P,764,1571047578579,12.8,12.8,0.005,buy,2,8302.85,74.49
2019-10-14 14:27:26.155,44822310,BTC-25OCT19-7000-P,765,1571063246155,5.0,5.0,0.006,sell,0,8285.63,78.16
2019-10-14 14:49:27.774,44823005,BTC-25OCT19-7000-P,766,1571064567774,15.0,15.0,0.006,buy,1,8274.18,77.7
2019-10-14 14:59:58.797,44823302,BTC-25OCT19-7000-P,767,1571065198797,30.0,30.0,0.0065,buy,0,8266.96,79.2
2019-10-14 15:11:39.175,44823851,BTC-25OCT19-7000-P,768,1571065899175,1.5,1.5,0.007,buy,0,8272.5,81.15
2019-10-14 15:55:06.077,44825622,BTC-25OCT19-7000-P,769,1571068506077,1.0,1.0,0.007,buy,1,8260.29,80.73
2019-10-14 16:01:34.417,44826092,BTC-25OCT19-7000-P,770,1571068894417,2.0,2.0,0.006,sell,2,8261.18,77.36
2019-10-14 16:22:48.507,44828191,BTC-25OCT19-7000-P,771,1571070168507,15.0,15.0,0.0065,buy,0,8231.29,77.86
2019-10-14 16:23:35.206,44828911,BTC-25OCT19-7000-P,772,1571070215206,1.0,1.0,0.0065,buy,1,8236.11,78.09
2019-10-14 16:36:05.853,44835517,BTC-25OCT19-7000-P,773,1571070965853,10.0,10.0,0.006,sell,2,8374.98,82.22
2019-10-14 16:36:40.860,44836488,BTC-25OCT19-7000-P,774,1571071000860,25.0,25.0,0.006,sell,3,8379.83,82.41
2019-10-14 16:36:50.155,44836941,BTC-25OCT19-7000-P,775,1571071010155,18.0,18.0,0.006,sell,3,8399.29,83.16
2019-10-14 17:05:21.012,44846329,BTC-25OCT19-7000-P,776,1571072721012,1.0,1.0,0.0055,sell,2,8358.76,79.74
2019-10-14 17:16:16.892,44847342,BTC-25OCT19-7000-P,777,1571073376892,1.0,1.0,0.0055,buy,3,8334.11,78.79
2019-10-14 18:26:26.606,44851525,BTC-25OCT19-7000-P,778,1571077586606,1.0,1.0,0.005,sell,2,8354.25,77.83
2019-10-14 18:26:26.606,44851526,BTC-25OCT19-7000-P,779,1571077586606,0.2,0.2,0.005,sell,3,8354.25,77.83
2019-10-14 18:26:26.606,44851527,BTC-25OCT19-7000-P,780,1571077586606,5.0,5.0,0.005,sell,3,8354.25,77.83
2019-10-14 18:49:32.744,44852232,BTC-25OCT19-7000-P,781,1571078972744,1.0,1.0,0.005,buy,3,8353.95,77.88
2019-10-14 19:00:07.030,44852810,BTC-25OCT19-7000-P,782,1571079607030,0.1,0.1,0.005,buy,3,8367.74,78.46
2019-10-14 20:54:24.373,44858420,BTC-25OCT19-7000-P,783,1571086464373,0.1,0.1,0.005,buy,3,8336.78,77.55
2019-10-14 21:12:00.823,44860968,BTC-25OCT19-7000-P,784,1571087520823,1.0,1.0,0.0055,buy,0,8279.97,77.14
2019-10-14 21:45:33.950,44867267,BTC-25OCT19-7000-P,785,1571089533950,0.1,0.1,0.0055,buy,1,8337.19,79.64
2019-10-14 23:12:24.326,44871402,BTC-25OCT19-7000-P,786,1571094744326,0.1,0.1,0.006,buy,0,8342.02,81.93
2019-10-14 23:13:04.511,44871409,BTC-25OCT19-7000-P,787,1571094784511,0.1,0.1,0.006,buy,1,8341.3,81.92
2019-10-14 23:27:37.015,44871503,BTC-25OCT19-7000-P,788,1571095657015,0.1,0.1,0.006,buy,1,8340.24,81.89
2019-10-14 23:40:04.460,44871857,BTC-25OCT19-7000-P,789,1571096404460,0.1,0.1,0.006,buy,1,8344.18,82.11
2019-10-15 01:34:53.415,44882040,BTC-25OCT19-7000-P,790,1571103293415,0.2,0.2,0.005,buy,2,8344.1,78.56
2019-10-15 01:38:18.309,44882319,BTC-25OCT19-7000-P,791,1571103498309,15.0,15.0,0.005,buy,3,8345.57,78.64
2019-10-15 01:38:18.398,44882322,BTC-25OCT19-7000-P,792,1571103498398,15.0,15.0,0.005,buy,3,8345.57,78.64
2019-10-15 06:47:59.398,44890114,BTC-25OCT19-7000-P,793,1571122079398,0.1,0.1,0.0045,sell,2,8304.58,75.64
2019-10-15 06:52:19.284,44890275,BTC-25OCT19-7000-P,794,1571122339284,2.9,2.9,0.0045,buy,3,8307.0,75.78
2019-10-15 07:14:46.392,44890863,BTC-25OCT19-7000-P,795,1571123686392,0.1,0.1,0.0045,buy,3,8311.73,76.05
2019-10-15 07:42:17.409,44891666,BTC-25OCT19-7000-P,796,1571125337409,1.0,1.0,0.005,buy,0,8302.33,77.79
2019-10-15 07:42:17.409,44891667,BTC-25OCT19-7000-P,797,1571125337409,1.0,1.0,0.005,buy,1,8302.33,77.79
2019-10-15 10:01:07.564,44899964,BTC-25OCT19-7000-P,798,1571133667564,3.0,3.0,0.0065,buy,0,8279.04,82.79
2019-10-15 12:12:27.356,44905087,BTC-25OCT19-7000-P,799,1571141547356,5.0,5.0,0.0065,buy,1,8291.15,83.74
2019-10-15 12:16:46.319,44905222,BTC-25OCT19-7000-P,800,1571141806319,8.0,8.0,0.0065,buy,1,8293.93,83.9
2019-10-15 12:20:19.673,44905299,BTC-25OCT19-7000-P,801,1571142019673,10.0,10.0,0.0065,buy,1,8300.24,84.16
2019-10-15 12:36:02.813,44905727,BTC-25OCT19-7000-P,802,1571142962813,5.0,5.0,0.007,buy,0,8294.93,85.8
2019-10-15 14:41:05.686,44910458,BTC-25OCT19-7000-P,803,1571150465686,20.0,20.0,0.006,buy,2,8275.35,81.61
2019-10-15 15:55:39.060,44921465,BTC-25OCT19-7000-P,804,1571154939060,10.0,10.0,0.006,buy,3,8242.03,80.37
2019-10-15 15:55:39.943,44921466,BTC-25OCT19-7000-P,805,1571154939943,10.0,10.0,0.006,buy,3,8242.02,80.37
2019-10-15 16:18:42.309,44948842,BTC-25OCT19-7000-P,806,1571156322309,1.0,1.0,0.006,buy,3,8166.87,77.01
2019-10-15 19:09:57.001,44965268,BTC-25OCT19-7000-P,807,1571166597001,1.0,1.0,0.0065,buy,0,8175.63,79.68
2019-10-15 21:33:18.540,44971566,BTC-25OCT19-7000-P,808,1571175198540,1.0,1.0,0.007,sell,0,8129.71,79.74
2019-10-15 22:51:15.884,44974806,BTC-25OCT19-7000-P,809,1571179875884,0.1,0.1,0.0065,sell,2,8147.23,79.08
2019-10-16 06:18:57.535,44987559,BTC-25OCT19-7000-P,810,1571206737535,1.0,1.0,0.005,sell,2,8171.38,75.84
2019-10-16 06:39:43.545,44987878,BTC-25OCT19-7000-P,811,1571207983545,5.0,5.0,0.005,sell,3,8171.15,75.89
2019-10-16 07:07:43.591,44989239,BTC-25OCT19-7000-P,812,1571209663591,4.0,4.0,0.006,buy,0,8149.1,78.79
2019-10-16 07:25:03.375,44990367,BTC-25OCT19-7000-P,813,1571210703375,30.0,30.0,0.006,buy,1,8136.7,78.25
2019-10-16 10:11:55.564,45001653,BTC-25OCT19-7000-P,814,1571220715564,8.0,8.0,0.0045,sell,2,8151.95,73.6
2019-10-16 10:16:26.484,45001692,BTC-25OCT19-7000-P,815,1571220986484,30.0,30.0,0.006,buy,0,8150.55,79.48
2019-10-16 12:45:12.320,45037982,BTC-25OCT19-7000-P,816,1571229912320,5.0,5.0,0.008,buy,0,7989.28,78.76
2019-10-16 12:50:57.517,45039055,BTC-25OCT19-7000-P,817,1571230257517,5.0,5.0,0.008,buy,1,7971.84,77.88
2019-10-16 13:08:57.506,45041682,BTC-25OCT19-7000-P,818,1571231337506,23.0,23.0,0.007,sell,2,7991.15,75.71
2019-10-16 13:08:57.529,45041683,BTC-25OCT19-7000-P,819,1571231337529,7.0,7.0,0.007,buy,3,7991.15,75.71
2019-10-16 13:53:39.864,45044836,BTC-25OCT19-7000-P,820,1571234019864,2.5,2.5,0.0065,buy,2,7976.15,73.4
2019-10-16 15:32:41.591,45053957,BTC-25OCT19-7000-P,821,1571239961591,1.0,1.0,0.0055,sell,2,7960.7,69.4
2019-10-16 15:56:40.900,45055779,BTC-25OCT19-7000-P,822,1571241400900,1.0,1.0,0.0055,buy,3,7953.88,69.09
2019-10-16 16:02:43.624,45059010,BTC-25OCT19-7000-P,823,1571241763624,10.0,10.0,0.006,buy,0,7936.52,70.0
2019-10-16 16:05:41.680,45062121,BTC-25OCT19-7000-P,824,1571241941680,0.5,0.5,0.0055,buy,2,7976.4,70.11
2019-10-16 16:33:27.134,45067464,BTC-25OCT19-7000-P,825,1571243607134,2.0,2.0,0.0055,buy,3,7986.3,70.77
2019-10-16 18:12:24.166,45074067,BTC-25OCT19-7000-P,826,1571249544166,1.0,1.0,0.005,buy,2,7972.3,68.49
2019-10-16 19:26:12.988,45079628,BTC-25OCT19-7000-P,827,1571253972988,2.0,2.0,0.0055,sell,0,7946.2,69.27
2019-10-16 19:31:33.943,45080438,BTC-25OCT19-7000-P,828,1571254293943,1.0,1.0,0.0055,sell,1,7950.15,69.47
2019-10-16 20:37:24.341,45083472,BTC-25OCT19-7000-P,829,1571258244341,2.5,2.5,0.0055,buy,1,7972.11,70.74
2019-10-16 22:36:11.621,45085975,BTC-25OCT19-7000-P,830,1571265371621,30.0,30.0,0.0055,buy,1,7983.88,71.69
2019-10-16 23:34:41.991,45090292,BTC-25OCT19-7000-P,831,1571268881991,150.0,150.0,0.0058,buy,0,8007.59,74.16
2019-10-17 08:26:05.584,45115576,BTC-25OCT19-7000-P,832,1571300765584,1.0,1.0,0.005,sell,2,8043.19,74.5
2019-10-17 08:42:11.797,45119798,BTC-25OCT19-7000-P,833,1571301731797,0.1,0.1,0.005,buy,3,8053.29,75.1
2019-10-17 12:42:31.907,45141692,BTC-25OCT19-7000-P,834,1571316151907,1.0,1.0,0.005,sell,3,8040.17,75.24
2019-10-17 13:35:19.630,45144543,BTC-25OCT19-7000-P,835,1571319319630,1.0,1.0,0.005,sell,3,8072.95,77.08
2019-10-17 13:35:19.630,45144544,BTC-25OCT19-7000-P,836,1571319319630,0.5,0.5,0.0045,sell,2,8072.95,74.94
2019-10-17 13:50:51.821,45145447,BTC-25OCT19-7000-P,837,1571320251821,2.0,2.0,0.005,buy,0,8053.51,76.16
2019-10-17 13:51:36.309,45145456,BTC-25OCT19-7000-P,838,1571320296309,2.0,2.0,0.005,buy,1,8053.13,76.15
2019-10-17 16:09:32.951,45152398,BTC-25OCT19-7000-P,839,1571328572951,5.0,5.0,0.005,buy,1,8064.48,77.25
2019-10-17 21:33:02.552,45169492,BTC-25OCT19-7000-P,840,1571347982552,1.0,1.0,0.005,buy,1,8056.3,77.94
2019-10-17 23:32:46.416,45173533,BTC-25OCT19-7000-P,841,1571355166416,0.3,0.3,0.005,buy,1,8072.16,79.19
