date_utc,tradeId,instrument,tradeSeq,timeStamp,quantity,amount,price,direction,tickDirection,indexPrice,iv
2019-10-08 09:38:22.801,44033089,BTC-29NOV19-8500-C,1,1570527502801,1.0,1.0,0.0965,buy,1,8166.95,74.68
2019-10-09 15:44:56.315,44277940,BTC-29NOV19-8500-C,2,1570635896315,0.1,0.1,0.1225,buy,0,8573.24,78.62
2019-10-09 15:47:54.392,44278776,BTC-29NOV19-8500-C,3,1570636074392,0.1,0.1,0.122,buy,2,8573.76,78.47
2019-10-09 15:52:12.947,44279857,BTC-29NOV19-8500-C,4,1570636332947,0.1,0.1,0.122,buy,3,8568.6,78.51
2019-10-09 20:39:07.267,44328331,BTC-29NOV19-8500-C,5,1570653547267,3.0,3.0,0.12,buy,2,8622.06,75.44
2019-10-10 02:32:41.020,44349403,BTC-29NOV19-8500-C,6,1570674761020,0.4,0.4,0.114,sell,2,8544.62,74.18
2019-10-10 06:31:36.209,44356683,BTC-29NOV19-8500-C,7,1570689096209,10.0,10.0,0.11800000000000001,buy,0,8593.61,75.12
2019-10-10 12:49:26.562,44396999,BTC-29NOV19-8500-C,8,1570711766562,1.0,1.0,0.1095,buy,2,8479.97,73.98
2019-10-11 04:50:34.462,44480819,BTC-29NOV19-8500-C,9,1570769434462,10.0,10.0,0.12300000000000001,buy,0,8729.74,74.48
2019-10-11 05:01:48.286,44487312,BTC-29NOV19-8500-C,10,1570770108286,10.0,10.0,0.1275,buy,0,8784.37,75.51
2019-10-11 05:17:17.138,44504771,BTC-29NOV19-8500-C,11,1570771037138,14.4,14.4,0.1105,sell,2,8504.02,74.61
2019-10-11 12:29:23.460,44600494,BTC-29NOV19-8500-C,12,1570796963460,10.0,10.0,0.102,buy,2,8345.48,74.4
2019-10-11 12:42:03.186,44601206,BTC-29NOV19-8500-C,13,1570797723186,2.0,2.0,0.1005,buy,2,8344.92,73.41
2019-10-11 15:24:03.954,44611983,BTC-29NOV19-8500-C,14,1570807443954,0.7000000000000001,0.7000000000000001,0.0995,sell,2,8342.3,72.98
2019-10-11 16:49:32.408,44622498,BTC-29NOV19-8500-C,15,1570812572408,12.0,12.0,0.1025,sell,0,8335.5,74.99
2019-10-11 16:49:41.544,44622503,BTC-29NOV19-8500-C,16,1570812581544,5.0,5.0,0.1025,sell,1,8335.46,74.99
2019-10-11 16:49:44.391,44622504,BTC-29NOV19-8500-C,17,1570812584391,3.0,3.0,0.1025,sell,1,8335.86,74.99
2019-10-13 14:42:27.810,44739526,BTC-29NOV19-8500-C,18,1570977747810,0.4,0.4,0.10400000000000001,buy,0,8436.02,74.21
2019-10-13 16:31:12.360,44745779,BTC-29NOV19-8500-C,19,1570984272360,2.0,2.0,0.107,sell,0,8467.06,74.98
2019-10-13 20:11:19.980,44757137,BTC-29NOV19-8500-C,20,1570997479980,2.1,2.1,0.0995,sell,2,8353.85,73.94
2019-10-13 23:24:42.105,44791175,BTC-29NOV19-8500-C,21,1571009082105,1.0,1.0,0.0955,sell,2,8301.68,72.92
2019-10-14 04:51:06.295,44800567,BTC-29NOV19-8500-C,22,1571028666295,1.0,1.0,0.095,sell,2,8292.84,73.28
2019-10-14 11:17:49.836,44810831,BTC-29NOV19-8500-C,23,1571051869836,2.0,2.0,0.09,buy,2,8308.58,69.42
2019-10-14 16:34:07.285,44831822,BTC-29NOV19-8500-C,24,1571070847285,1.0,1.0,0.09,buy,3,8272.76,70.78
2019-10-14 16:35:43.284,44833915,BTC-29NOV19-8500-C,25,1571070943284,0.1,0.1,0.0925,buy,0,8319.1,70.84
2019-10-15 00:37:35.563,44878191,BTC-29NOV19-8500-C,26,1571099855563,0.2,0.2,0.094,sell,0,8371.88,69.92
2019-10-15 00:57:16.181,44880032,BTC-29NOV19-8500-C,27,1571101036181,0.2,0.2,0.093,sell,2,8360.36,69.74
2019-10-15 01:27:04.003,44881566,BTC-29NOV19-8500-C,28,1571102824003,1.0,1.0,0.0915,buy,2,8340.42,69.35
2019-10-15 07:49:22.165,44891857,BTC-29NOV19-8500-C,29,1571125762165,2.0,2.0,0.088,sell,2,8294.05,68.91
2019-10-15 13:19:18.732,44907391,BTC-29NOV19-8500-C,30,1571145558732,2.0,2.0,0.089,sell,0,8304.93,69.52
2019-10-15 14:43:29.956,44911856,BTC-29NOV19-8500-C,31,1571150609956,5.0,5.0,0.0875,sell,2,8281.36,69.4
2019-10-15 14:56:41.213,44915475,BTC-29NOV19-8500-C,32,1571151401213,5.0,5.0,0.086,sell,2,8258.74,69.07
2019-10-15 17:21:14.295,44958951,BTC-29NOV19-8500-C,33,1571160074295,1.0,1.0,0.0835,buy,2,8177.21,70.67
2019-10-15 17:47:22.608,44960461,BTC-29NOV19-8500-C,34,1571161642608,2.0,2.0,0.084,buy,0,8181.57,70.92
2019-10-15 18:14:16.329,44962844,BTC-29NOV19-8500-C,35,1571163256329,5.0,5.0,0.0815,sell,2,8158.3,69.97
2019-10-15 21:52:06.872,44972666,BTC-29NOV19-8500-C,36,1571176326872,5.0,5.0,0.08,sell,2,8142.45,69.33
2019-10-15 22:06:09.550,44973234,BTC-29NOV19-8500-C,37,1571177169550,0.5,0.5,0.0825,buy,0,8151.7,70.77
2019-10-15 22:18:56.823,44973576,BTC-29NOV19-8500-C,38,1571177936823,0.5,0.5,0.0825,buy,1,8153.78,70.68
2019-10-16 02:24:32.009,44983344,BTC-29NOV19-8500-C,39,1571192672009,0.1,0.1,0.0815,sell,2,8160.35,70.02
2019-10-16 05:49:53.029,44987003,BTC-29NOV19-8500-C,40,1571204993029,10.0,10.0,0.0805,sell,2,8167.39,69.15
2019-10-16 05:49:57.250,44987005,BTC-29NOV19-8500-C,41,1571204997250,10.0,10.0,0.0805,sell,3,8167.51,69.15
2019-10-16 05:50:03.748,44987007,BTC-29NOV19-8500-C,42,1571205003748,10.0,10.0,0.0805,sell,3,8167.91,69.14
2019-10-16 10:12:20.905,45001656,BTC-29NOV19-8500-C,43,1571220740905,0.2,0.2,0.078,sell,2,8152.53,67.89
2019-10-16 11:44:28.023,45018158,BTC-29NOV19-8500-C,44,1571226268023,0.1,0.1,0.0735,sell,2,8071.5,67.38
2019-10-16 12:32:35.733,45032454,BTC-29NOV19-8500-C,45,1571229155733,4.0,4.0,0.071,sell,2,7941.75,70.22
2019-10-16 12:37:47.885,45034936,BTC-29NOV19-8500-C,46,1571229467885,1.5,1.5,0.0735,buy,0,7970.49,70.98
2019-10-16 12:58:58.053,45040519,BTC-29NOV19-8500-C,47,1571230738053,1.0,1.0,0.0715,sell,2,7987.64,69.01
2019-10-16 14:33:13.937,45048059,BTC-29NOV19-8500-C,48,1571236393937,0.4,0.4,0.071,sell,2,7966.27,69.57
2019-10-16 17:16:59.018,45070120,BTC-29NOV19-8500-C,49,1571246219018,0.1,0.1,0.0705,buy,2,7968.69,69.37
2019-10-16 19:09:42.681,45077691,BTC-29NOV19-8500-C,50,1571252982681,0.5,0.5,0.0685,sell,2,7937.54,69.23
2019-10-17 01:25:41.986,45095454,BTC-29NOV19-8500-C,51,1571275541986,1.0,1.0,0.069,sell,0,7972.88,68.53
2019-10-17 04:45:20.106,45100344,BTC-29NOV19-8500-C,52,1571287520106,0.5,0.5,0.068,sell,2,7946.17,68.96
2019-10-17 16:30:33.342,45156587,BTC-29NOV19-8500-C,53,1571329833342,0.7000000000000001,0.7000000000000001,0.0755,buy,0,8116.94,68.39
2019-10-17 16:45:48.977,45157983,BTC-29NOV19-8500-C,54,1571330748977,0.7000000000000001,0.7000000000000001,0.072,sell,2,8097.23,66.58
2019-10-17 17:24:38.977,45159994,BTC-29NOV19-8500-C,55,1571333078977,1.8,1.8,0.0705,sell,2,8074.22,66.26
2019-10-17 23:24:16.694,45173136,BTC-29NOV19-8500-C,56,1571354656694,5.0,5.0,0.0715,buy,0,8079.64,66.97
