date_utc,tradeId,instrument,tradeSeq,timeStamp,quantity,amount,price,direction,tickDirection,indexPrice,iv
2019-10-06 13:34:09.074,43831988,BTC-25OCT19-9000-C,244,1570368849074,1.0,1.0,0.0215,sell,2,7937.54,71.25
2019-10-06 13:36:20.696,43832052,BTC-25OCT19-9000-C,245,1570368980696,4.0,4.0,0.021,sell,2,7934.77,70.66
2019-10-06 14:26:46.909,43836332,BTC-25OCT19-9000-C,247,1570372006909,2.0,2.0,0.023,buy,1,7900.37,74.9
2019-10-06 14:26:46.909,43836331,BTC-25OCT19-9000-C,246,1570372006909,3.0,3.0,0.023,buy,0,7900.37,74.9
2019-10-06 15:23:21.681,43843017,BTC-25OCT19-9000-C,249,1570375401681,0.2,0.2,0.0245,buy,1,8035.7,71.59
2019-10-06 15:23:21.681,43843016,BTC-25OCT19-9000-C,248,1570375401681,0.1,0.1,0.0245,buy,0,8035.7,71.59
2019-10-06 19:26:57.050,43871908,BTC-25OCT19-9000-C,250,1570390017050,0.1,0.1,0.02,sell,2,7859.58,72.63
2019-10-06 19:27:23.296,43871911,BTC-25OCT19-9000-C,251,1570390043296,4.9,4.9,0.019,sell,2,7859.09,71.16
2019-10-06 21:59:26.871,43880046,BTC-25OCT19-9000-C,252,1570399166871,2.0,2.0,0.023,sell,0,7927.25,74.41
2019-10-06 22:10:53.989,43880714,BTC-25OCT19-9000-C,253,1570399853989,6.9,6.9,0.0225,sell,2,7909.15,74.42
2019-10-06 23:31:51.357,43887419,BTC-25OCT19-9000-C,254,1570404711357,3.0,3.0,0.021,sell,2,7854.25,74.53
2019-10-07 00:29:24.922,43893903,BTC-25OCT19-9000-C,255,1570408164922,5.0,5.0,0.0205,buy,2,7781.16,76.78
2019-10-07 00:40:01.056,43896696,BTC-25OCT19-9000-C,256,1570408801056,5.0,5.0,0.02,sell,2,7802.67,75.13
2019-10-07 01:03:36.911,43899843,BTC-25OCT19-9000-C,257,1570410216911,3.0,3.0,0.02,buy,3,7818.27,74.55
2019-10-07 03:49:34.862,43911316,BTC-25OCT19-9000-C,259,1570420174862,20.0,20.0,0.0235,buy,1,7875.18,77.65
2019-10-07 03:49:34.862,43911315,BTC-25OCT19-9000-C,258,1570420174862,15.0,15.0,0.0235,buy,0,7875.18,77.65
2019-10-07 07:14:50.381,43918961,BTC-25OCT19-9000-C,260,1570432490381,1.0,1.0,0.0235,buy,1,7857.93,78.62
2019-10-07 08:51:08.450,43926984,BTC-25OCT19-9000-C,261,1570438268450,10.4,10.4,0.0225,sell,2,7888.55,75.97
2019-10-07 08:51:08.766,43926985,BTC-25OCT19-9000-C,262,1570438268766,0.1,0.1,0.0225,sell,3,7888.55,75.97
2019-10-07 08:51:11.602,43926988,BTC-25OCT19-9000-C,263,1570438271602,0.1,0.1,0.0225,sell,3,7887.42,76.08
2019-10-07 08:51:13.101,43926993,BTC-25OCT19-9000-C,264,1570438273101,0.3,0.3,0.0225,sell,3,7887.04,76.08
2019-10-07 09:58:44.192,43931467,BTC-25OCT19-9000-C,265,1570442324192,5.0,5.0,0.023,sell,0,7934.2,75.03
2019-10-07 11:02:13.231,43936913,BTC-25OCT19-9000-C,266,1570446133231,0.2,0.2,0.023,sell,1,8012.87,71.82
2019-10-07 11:58:40.595,43940278,BTC-25OCT19-9000-C,267,1570449520595,3.0,3.0,0.022000000000000002,sell,2,7987.42,71.55
2019-10-07 12:35:59.790,43945042,BTC-25OCT19-9000-C,268,1570451759790,0.1,0.1,0.0255,buy,0,8108.14,71.55
2019-10-07 12:35:59.790,43945043,BTC-25OCT19-9000-C,269,1570451759790,0.1,0.1,0.0255,buy,1,8108.14,71.55
2019-10-07 12:36:12.381,43945541,BTC-25OCT19-9000-C,270,1570451772381,0.5,0.5,0.0265,buy,0,8127.3,72.38
2019-10-07 13:20:29.136,43955592,BTC-25OCT19-9000-C,271,1570454429136,0.1,0.1,0.0275,buy,0,8195.16,70.46
2019-10-07 13:22:24.613,43956180,BTC-25OCT19-9000-C,272,1570454544613,0.9,0.9,0.0275,buy,1,8199.25,70.31
2019-10-07 15:14:01.458,43963950,BTC-25OCT19-9000-C,273,1570461241458,0.2,0.2,0.028999999999999998,sell,0,8200.11,72.36
2019-10-07 15:25:53.164,43967776,BTC-25OCT19-9000-C,274,1570461953164,8.0,8.0,0.026000000000000002,sell,2,8189.65,68.97
2019-10-07 15:35:47.397,43968999,BTC-25OCT19-9000-C,275,1570462547397,0.2,0.2,0.0255,sell,2,8167.85,69.25
2019-10-07 15:38:38.729,43969267,BTC-25OCT19-9000-C,276,1570462718729,0.2,0.2,0.025,sell,2,8164.97,68.61
2019-10-07 15:49:09.521,43969811,BTC-25OCT19-9000-C,277,1570463349521,0.2,0.2,0.027000000000000003,buy,0,8182.7,70.57
2019-10-07 15:49:30.199,43969814,BTC-25OCT19-9000-C,278,1570463370199,0.8,0.8,0.0285,buy,0,8182.09,72.56
2019-10-07 16:04:59.455,43971191,BTC-25OCT19-9000-C,279,1570464299455,2.0,2.0,0.0255,sell,2,8174.32,69.01
2019-10-07 17:35:22.433,43983298,BTC-25OCT19-9000-C,280,1570469722433,5.0,5.0,0.03,sell,0,8260.08,71.08
2019-10-07 18:13:32.761,43987587,BTC-25OCT19-9000-C,281,1570472012761,0.5,0.5,0.0305,buy,0,8292.01,70.42
2019-10-07 22:58:59.697,44000906,BTC-25OCT19-9000-C,282,1570489139697,5.0,5.0,0.03,buy,2,8246.13,72.16
2019-10-08 01:48:42.003,44008855,BTC-25OCT19-9000-C,284,1570499322003,3.5,3.5,0.0315,buy,0,8290.09,72.28
2019-10-08 01:48:42.003,44008854,BTC-25OCT19-9000-C,283,1570499322003,15.0,15.0,0.031,buy,0,8290.09,71.64
2019-10-08 02:07:28.292,44011115,BTC-25OCT19-9000-C,285,1570500448292,0.1,0.1,0.0325,buy,0,8320.81,72.2
2019-10-08 13:28:24.774,44061317,BTC-25OCT19-9000-C,286,1570541304774,2.0,2.0,0.0255,sell,2,8217.17,68.65
2019-10-08 16:16:00.023,44080422,BTC-25OCT19-9000-C,287,1570551360023,0.5,0.5,0.025,buy,2,8200.4,68.93
2019-10-08 18:02:22.363,44089415,BTC-25OCT19-9000-C,288,1570557742363,5.0,5.0,0.024,sell,2,8186.15,68.39
2019-10-09 02:18:53.429,44147119,BTC-25OCT19-9000-C,289,1570587533429,3.0,3.0,0.024,sell,3,8148.42,70.86
2019-10-09 02:53:19.892,44151647,BTC-25OCT19-9000-C,290,1570589599892,0.1,0.1,0.022000000000000002,sell,2,8160.04,67.46
2019-10-09 07:22:59.921,44167304,BTC-25OCT19-9000-C,291,1570605779921,0.1,0.1,0.022000000000000002,sell,3,8173.22,67.24
2019-10-09 07:22:59.924,44167305,BTC-25OCT19-9000-C,292,1570605779924,0.9,0.9,0.022000000000000002,buy,3,8173.22,67.24
2019-10-09 08:22:09.726,44171820,BTC-25OCT19-9000-C,293,1570609329726,0.1,0.1,0.023,sell,0,8159.45,69.34
2019-10-09 09:19:43.938,44181127,BTC-25OCT19-9000-C,294,1570612783938,3.0,3.0,0.024,sell,0,8190.07,69.43
2019-10-09 14:00:12.058,44203313,BTC-25OCT19-9000-C,295,1570629612058,0.5,0.5,0.0245,buy,0,8247.66,68.13
2019-10-09 14:03:46.130,44205183,BTC-25OCT19-9000-C,296,1570629826130,0.5,0.5,0.025,buy,0,8271.32,67.63
2019-10-09 14:21:37.388,44222597,BTC-25OCT19-9000-C,297,1570630897388,0.8,0.8,0.032,sell,0,8419.16,69.78
2019-10-09 14:21:39.773,44222603,BTC-25OCT19-9000-C,298,1570630899773,1.0,1.0,0.032,sell,1,8420.05,69.8
2019-10-09 14:41:05.763,44231763,BTC-25OCT19-9000-C,299,1570632065763,0.2,0.2,0.031,buy,2,8415.86,68.75
2019-10-09 15:06:21.998,44246487,BTC-25OCT19-9000-C,300,1570633581998,0.7000000000000001,0.7000000000000001,0.0345,buy,0,8474.4,70.43
2019-10-09 15:20:41.962,44254821,BTC-25OCT19-9000-C,301,1570634441962,1.0,1.0,0.036000000000000004,buy,0,8528.19,69.83
2019-10-09 15:29:11.585,44270727,BTC-25OCT19-9000-C,302,1570634951585,1.0,1.0,0.039,buy,0,8614.8,68.81
2019-10-09 15:56:10.039,44280769,BTC-25OCT19-9000-C,303,1570636570039,0.2,0.2,0.038,buy,2,8571.22,69.88
2019-10-09 15:56:20.818,44280785,BTC-25OCT19-9000-C,304,1570636580818,2.0,2.0,0.038,buy,3,8571.37,69.84
2019-10-09 15:56:22.977,44280787,BTC-25OCT19-9000-C,305,1570636582977,2.0,2.0,0.038,buy,3,8571.34,69.85
2019-10-09 16:12:36.291,44288170,BTC-25OCT19-9000-C,306,1570637556291,0.3,0.3,0.036000000000000004,buy,2,8559.44,67.98
2019-10-09 16:25:25.585,44292490,BTC-25OCT19-9000-C,307,1570638325585,0.2,0.2,0.04,sell,0,8600.11,70.92
2019-10-09 16:53:15.659,44300633,BTC-25OCT19-9000-C,308,1570639995659,4.9,4.9,0.0405,buy,0,8604.69,71.33
2019-10-09 17:52:47.155,44309028,BTC-25OCT19-9000-C,309,1570643567155,25.0,25.0,0.038,sell,2,8630.29,66.97
2019-10-09 17:52:47.155,44309029,BTC-25OCT19-9000-C,310,1570643567155,2.0,2.0,0.038,sell,3,8630.29,66.97
2019-10-09 20:33:52.517,44328043,BTC-25OCT19-9000-C,311,1570653232517,1.0,1.0,0.037000000000000005,buy,2,8617.07,66.76
2019-10-09 20:36:29.839,44328135,BTC-25OCT19-9000-C,312,1570653389839,1.0,1.0,0.039,buy,0,8617.62,69.16
2019-10-09 23:10:13.532,44340732,BTC-25OCT19-9000-C,313,1570662613532,1.0,1.0,0.038,sell,2,8609.62,68.46
2019-10-09 23:10:48.164,44340777,BTC-25OCT19-9000-C,314,1570662648164,1.0,1.0,0.038,sell,3,8611.2,68.34
2019-10-09 23:26:19.939,44341638,BTC-25OCT19-9000-C,315,1570663579939,4.9,4.9,0.0375,buy,2,8608.97,67.91
2019-10-09 23:31:21.649,44342074,BTC-25OCT19-9000-C,316,1570663881649,0.9,0.9,0.0385,buy,0,8607.2,69.23
2019-10-09 23:31:21.649,44342075,BTC-25OCT19-9000-C,317,1570663881649,2.7,2.7,0.0385,buy,1,8607.2,69.23
2019-10-10 02:15:17.609,44348192,BTC-25OCT19-9000-C,318,1570673717609,1.0,1.0,0.0335,buy,2,8551.16,66.25
2019-10-10 02:26:01.865,44349009,BTC-25OCT19-9000-C,319,1570674361865,1.0,1.0,0.0335,buy,3,8546.38,66.52
2019-10-10 06:25:05.337,44356253,BTC-25OCT19-9000-C,320,1570688705337,10.0,10.0,0.034,sell,0,8576.03,65.85
2019-10-10 06:33:08.666,44356859,BTC-25OCT19-9000-C,321,1570689188666,1.0,1.0,0.036000000000000004,buy,0,8601.37,67.01
2019-10-10 07:15:41.920,44358379,BTC-25OCT19-9000-C,322,1570691741920,1.0,1.0,0.036000000000000004,buy,1,8598.13,67.31
2019-10-10 07:34:13.878,44358820,BTC-25OCT19-9000-C,323,1570692853878,18.0,18.0,0.0365,sell,0,8617.44,66.94
2019-10-10 08:24:39.810,44364220,BTC-25OCT19-9000-C,324,1570695879810,1.0,1.0,0.036000000000000004,sell,2,8612.04,66.66
2019-10-10 08:47:25.341,44367368,BTC-25OCT19-9000-C,325,1570697245341,4.0,4.0,0.034,sell,2,8580.95,65.79
2019-10-10 08:51:20.143,44367583,BTC-25OCT19-9000-C,326,1570697480143,50.0,50.0,0.0355,sell,0,8577.13,67.9
2019-10-10 10:05:12.932,44379299,BTC-25OCT19-9000-C,327,1570701912932,2.0,2.0,0.03,buy,2,8505.84,64.7
2019-10-10 13:37:14.069,44400499,BTC-25OCT19-9000-C,328,1570714634069,1.0,1.0,0.03,buy,3,8499.77,65.41
2019-10-10 14:24:20.745,44404836,BTC-25OCT19-9000-C,329,1570717460745,0.3,0.3,0.0305,buy,0,8518.88,65.09
2019-10-10 18:07:21.474,44424444,BTC-25OCT19-9000-C,330,1570730841474,1.0,1.0,0.03,buy,2,8525.73,64.44
2019-10-10 18:07:38.785,44424483,BTC-25OCT19-9000-C,331,1570730858785,1.0,1.0,0.03,buy,3,8525.74,64.44
2019-10-10 18:32:23.066,44425862,BTC-25OCT19-9000-C,332,1570732343066,2.0,2.0,0.032,buy,0,8537.38,66.51
2019-10-10 20:50:34.610,44435524,BTC-25OCT19-9000-C,333,1570740634610,2.0,2.0,0.03,sell,2,8564.39,62.73
2019-10-11 00:36:55.886,44455398,BTC-25OCT19-9000-C,334,1570754215886,1.0,1.0,0.0295,buy,2,8527.0,64.51
2019-10-11 00:43:39.850,44456268,BTC-25OCT19-9000-C,335,1570754619850,1.0,1.0,0.03,buy,0,8538.04,64.53
2019-10-11 03:22:08.067,44463228,BTC-25OCT19-9000-C,336,1570764128067,0.1,0.1,0.032,buy,0,8550.7,66.77
2019-10-11 04:52:11.095,44481505,BTC-25OCT19-9000-C,337,1570769531095,0.3,0.3,0.038,buy,0,8713.36,65.71
2019-10-11 04:53:27.527,44482138,BTC-25OCT19-9000-C,338,1570769607527,3.1,3.1,0.0395,buy,0,8737.52,66.23
2019-10-11 04:54:05.782,44482354,BTC-25OCT19-9000-C,339,1570769645782,15.0,15.0,0.039,buy,2,8728.76,66.11
2019-10-11 05:17:16.496,44504744,BTC-25OCT19-9000-C,340,1570771036496,18.6,18.6,0.0295,buy,2,8504.02,65.87
2019-10-11 05:17:16.904,44504764,BTC-25OCT19-9000-C,341,1570771036904,5.4,5.4,0.0285,sell,2,8504.02,64.51
2019-10-11 05:17:32.389,44506018,BTC-25OCT19-9000-C,342,1570771052389,1.5,1.5,0.0295,buy,0,8486.05,67.39
2019-10-11 05:30:24.736,44529515,BTC-25OCT19-9000-C,343,1570771824736,0.1,0.1,0.027000000000000003,sell,2,8401.96,67.99
2019-10-11 08:44:39.617,44582595,BTC-25OCT19-9000-C,344,1570783479617,0.2,0.2,0.0245,buy,2,8363.4,66.63
2019-10-11 09:02:12.129,44583754,BTC-25OCT19-9000-C,345,1570784532129,1.5,1.5,0.0235,sell,2,8364.32,65.09
2019-10-11 09:02:49.158,44583787,BTC-25OCT19-9000-C,346,1570784569158,0.5,0.5,0.0235,buy,3,8363.79,65.17
2019-10-11 09:06:44.244,44584009,BTC-25OCT19-9000-C,347,1570784804244,0.1,0.1,0.0245,buy,0,8378.26,65.89
2019-10-11 09:30:03.427,44585416,BTC-25OCT19-9000-C,348,1570786203427,0.1,0.1,0.0235,sell,2,8368.52,64.92
2019-10-11 10:10:43.819,44586914,BTC-25OCT19-9000-C,350,1570788643819,0.1,0.1,0.025,buy,1,8352.36,67.97
2019-10-11 10:10:43.819,44586913,BTC-25OCT19-9000-C,349,1570788643819,0.5,0.5,0.025,buy,0,8352.36,67.97
2019-10-11 10:11:22.426,44586949,BTC-25OCT19-9000-C,351,1570788682426,0.7000000000000001,0.7000000000000001,0.025,sell,1,8349.91,68.07
2019-10-11 11:05:28.774,44589791,BTC-25OCT19-9000-C,352,1570791928774,0.2,0.2,0.024,sell,2,8329.57,67.77
2019-10-11 11:18:46.398,44591920,BTC-25OCT19-9000-C,353,1570792726398,1.0,1.0,0.024,sell,3,8316.84,68.42
2019-10-11 11:22:11.399,44592174,BTC-25OCT19-9000-C,354,1570792931399,0.5,0.5,0.024,sell,3,8316.71,68.39
2019-10-11 11:22:25.035,44592357,BTC-25OCT19-9000-C,355,1570792945035,0.1,0.1,0.0235,sell,2,8308.54,68.07
2019-10-11 11:42:30.724,44595872,BTC-25OCT19-9000-C,356,1570794150724,5.0,5.0,0.0225,buy,2,8331.82,65.5
2019-10-11 12:10:48.457,44599409,BTC-25OCT19-9000-C,357,1570795848457,0.1,0.1,0.022000000000000002,sell,2,8328.16,65.01
2019-10-11 13:07:25.711,44602585,BTC-25OCT19-9000-C,358,1570799245711,2.0,2.0,0.022000000000000002,sell,3,8342.27,64.4
2019-10-11 13:19:15.909,44603211,BTC-25OCT19-9000-C,359,1570799955909,3.0,3.0,0.0215,sell,2,8341.68,63.71
2019-10-11 13:31:41.646,44603607,BTC-25OCT19-9000-C,360,1570800701646,5.0,5.0,0.022000000000000002,buy,0,8356.05,63.77
2019-10-11 13:42:34.972,44604049,BTC-25OCT19-9000-C,361,1570801354972,2.0,2.0,0.0215,sell,2,8341.4,63.8
2019-10-11 13:44:56.071,44604207,BTC-25OCT19-9000-C,362,1570801496071,3.0,3.0,0.0215,buy,3,8346.93,63.54
2019-10-11 14:01:18.805,44605262,BTC-25OCT19-9000-C,363,1570802478805,1.0,1.0,0.0215,sell,3,8338.5,64.0
2019-10-11 15:32:55.324,44612614,BTC-25OCT19-9000-C,364,1570807975324,0.5,0.5,0.022000000000000002,buy,0,8329.2,65.3
2019-10-11 15:35:55.246,44612743,BTC-25OCT19-9000-C,365,1570808155246,15.0,15.0,0.0215,sell,2,8332.95,64.38
2019-10-11 16:21:16.228,44618310,BTC-25OCT19-9000-C,366,1570810876228,0.1,0.1,0.0215,buy,3,8309.49,65.57
2019-10-11 16:35:46.642,44620614,BTC-25OCT19-9000-C,367,1570811746642,0.2,0.2,0.0215,buy,3,8321.59,64.95
2019-10-11 16:36:20.622,44620636,BTC-25OCT19-9000-C,368,1570811780622,0.5,0.5,0.0215,buy,3,8323.59,64.83
2019-10-11 21:18:01.580,44637382,BTC-25OCT19-9000-C,369,1570828681580,15.0,15.0,0.021,sell,2,8324.33,64.59
2019-10-11 23:32:23.401,44641669,BTC-25OCT19-9000-C,370,1570836743401,0.1,0.1,0.0205,sell,2,8309.53,64.67
2019-10-11 23:47:04.725,44644141,BTC-25OCT19-9000-C,371,1570837624725,0.1,0.1,0.02,sell,2,8253.65,66.55
2019-10-12 00:20:03.646,44650750,BTC-25OCT19-9000-C,372,1570839603646,0.1,0.1,0.021,buy,0,8286.73,66.61
2019-10-12 00:20:03.646,44650751,BTC-25OCT19-9000-C,373,1570839603646,4.1,4.1,0.0215,buy,0,8286.73,67.39
2019-10-12 09:05:47.356,44666807,BTC-25OCT19-9000-C,374,1570871147356,2.0,2.0,0.0205,buy,2,8357.65,63.43
2019-10-12 13:27:36.931,44675374,BTC-25OCT19-9000-C,376,1570886856931,1.0,1.0,0.021,buy,0,8345.22,65.31
2019-10-12 13:27:36.931,44675373,BTC-25OCT19-9000-C,375,1570886856931,1.0,1.0,0.0205,buy,3,8345.22,64.53
2019-10-12 14:33:07.608,44676771,BTC-25OCT19-9000-C,377,1570890787608,0.5,0.5,0.021,buy,1,8329.14,66.21
2019-10-12 14:33:07.611,44676772,BTC-25OCT19-9000-C,378,1570890787611,3.5,3.5,0.021,sell,1,8329.14,66.21
2019-10-12 14:36:50.781,44676813,BTC-25OCT19-9000-C,379,1570891010781,4.0,4.0,0.0205,sell,2,8328.09,65.5
2019-10-12 14:58:02.499,44680546,BTC-25OCT19-9000-C,380,1570892282499,1.7,1.7,0.0205,sell,3,8391.46,62.27
2019-10-12 16:40:09.194,44688640,BTC-25OCT19-9000-C,381,1570898409194,4.0,4.0,0.02,sell,2,8353.77,63.59
2019-10-12 17:39:24.226,44690192,BTC-25OCT19-9000-C,382,1570901964226,3.0,3.0,0.0195,sell,2,8349.43,63.14
2019-10-12 18:13:22.710,44691455,BTC-25OCT19-9000-C,383,1570904002710,0.1,0.1,0.019,sell,2,8316.7,64.02
2019-10-12 18:59:13.925,44693689,BTC-25OCT19-9000-C,385,1570906753925,0.3,0.3,0.018000000000000002,sell,3,8322.31,62.19
2019-10-12 18:59:13.925,44693690,BTC-25OCT19-9000-C,386,1570906753925,1.6,1.6,0.018000000000000002,sell,3,8322.31,62.19
2019-10-12 18:59:13.925,44693688,BTC-25OCT19-9000-C,384,1570906753925,0.1,0.1,0.018000000000000002,sell,2,8322.31,62.19
2019-10-12 19:00:06.300,44693739,BTC-25OCT19-9000-C,387,1570906806300,1.0,1.0,0.018000000000000002,sell,3,8321.34,62.25
2019-10-12 21:39:44.535,44698229,BTC-25OCT19-9000-C,388,1570916384535,0.7000000000000001,0.7000000000000001,0.019,sell,0,8330.19,63.67
2019-10-12 23:50:51.096,44701341,BTC-25OCT19-9000-C,389,1570924251096,1.0,1.0,0.0185,buy,2,8324.26,63.45
2019-10-13 00:42:41.758,44704066,BTC-25OCT19-9000-C,390,1570927361758,0.1,0.1,0.017,sell,2,8326.14,60.93
2019-10-13 00:42:41.758,44704067,BTC-25OCT19-9000-C,391,1570927361758,2.9,2.9,0.017,sell,3,8326.14,60.93
2019-10-13 01:58:02.853,44706717,BTC-25OCT19-9000-C,392,1570931882853,2.0,2.0,0.02,sell,0,8351.31,64.69
2019-10-13 01:58:31.222,44706721,BTC-25OCT19-9000-C,393,1570931911222,0.5,0.5,0.02,sell,1,8351.32,64.7
2019-10-13 02:43:37.105,44707282,BTC-25OCT19-9000-C,394,1570934617105,1.0,1.0,0.0205,buy,0,8340.99,66.1
2019-10-13 11:38:22.337,44719315,BTC-25OCT19-9000-C,395,1570966702337,1.0,1.0,0.0195,buy,2,8376.75,63.71
2019-10-13 11:39:23.000,44719951,BTC-25OCT19-9000-C,396,1570966763000,0.1,0.1,0.02,buy,0,8392.46,63.81
2019-10-13 12:22:50.026,44723312,BTC-25OCT19-9000-C,397,1570969370026,1.0,1.0,0.0205,buy,0,8392.96,64.55
2019-10-13 14:05:52.427,44737317,BTC-25OCT19-9000-C,398,1570975552427,3.2,3.2,0.0215,sell,0,8398.16,66.13
2019-10-13 14:06:05.241,44737358,BTC-25OCT19-9000-C,399,1570975565241,1.8,1.8,0.0215,sell,1,8396.35,66.22
2019-10-13 14:41:10.894,44739439,BTC-25OCT19-9000-C,400,1570977670894,0.2,0.2,0.0225,buy,0,8431.87,65.9
2019-10-13 14:41:10.894,44739440,BTC-25OCT19-9000-C,401,1570977670894,0.5,0.5,0.0225,buy,1,8431.87,65.9
2019-10-13 14:42:11.764,44739518,BTC-25OCT19-9000-C,402,1570977731764,0.5,0.5,0.023,buy,0,8435.85,66.48
2019-10-13 17:19:32.497,44748102,BTC-25OCT19-9000-C,403,1570987172497,15.0,15.0,0.02,sell,2,8447.45,61.33
2019-10-13 17:19:32.497,44748103,BTC-25OCT19-9000-C,404,1570987172497,5.0,5.0,0.02,sell,3,8447.45,61.33
2019-10-13 17:20:25.674,44748118,BTC-25OCT19-9000-C,405,1570987225674,24.0,24.0,0.0195,sell,2,8447.61,60.53
2019-10-13 17:20:25.674,44748119,BTC-25OCT19-9000-C,406,1570987225674,6.0,6.0,0.0195,sell,3,8447.61,60.53
2019-10-13 17:20:25.674,44748120,BTC-25OCT19-9000-C,407,1570987225674,6.0,6.0,0.019,sell,2,8447.61,59.73
2019-10-13 17:20:25.674,44748121,BTC-25OCT19-9000-C,408,1570987225674,14.0,14.0,0.019,sell,3,8447.61,59.73
2019-10-13 18:45:51.902,44750876,BTC-25OCT19-9000-C,409,1570992351902,0.2,0.2,0.022000000000000002,buy,0,8435.29,65.3
2019-10-13 20:16:25.677,44765801,BTC-25OCT19-9000-C,410,1570997785677,0.1,0.1,0.016,sell,2,8226.5,66.14
2019-10-13 20:16:32.785,44766989,BTC-25OCT19-9000-C,411,1570997792785,1.0,1.0,0.015,sell,2,8185.35,66.64
2019-10-13 20:16:32.785,44766990,BTC-25OCT19-9000-C,412,1570997792785,0.1,0.1,0.015,sell,3,8185.35,66.64
2019-10-13 20:16:32.785,44766991,BTC-25OCT19-9000-C,413,1570997792785,0.2,0.2,0.015,sell,3,8185.35,66.64
2019-10-13 21:49:06.812,44784639,BTC-25OCT19-9000-C,414,1571003346812,0.2,0.2,0.015,buy,3,8254.83,63.27
2019-10-13 21:49:43.616,44784646,BTC-25OCT19-9000-C,415,1571003383616,0.2,0.2,0.015,buy,3,8255.32,63.24
2019-10-13 21:50:22.451,44784657,BTC-25OCT19-9000-C,416,1571003422451,0.2,0.2,0.015,buy,3,8254.54,63.28
2019-10-13 21:57:03.467,44784805,BTC-25OCT19-9000-C,417,1571003823467,0.4,0.4,0.015,buy,3,8250.0,63.51
2019-10-13 21:57:03.467,44784806,BTC-25OCT19-9000-C,418,1571003823467,1.0,1.0,0.015,buy,3,8250.0,63.51
2019-10-13 22:13:26.091,44785473,BTC-25OCT19-9000-C,419,1571004806091,2.0,2.0,0.016,buy,0,8268.8,64.39
2019-10-14 05:31:34.213,44801546,BTC-25OCT19-9000-C,420,1571031094213,1.0,1.0,0.0155,sell,2,8309.18,62.32
2019-10-14 06:38:13.865,44804269,BTC-25OCT19-9000-C,421,1571035093865,0.1,0.1,0.016,buy,0,8312.31,63.18
2019-10-14 06:46:53.209,44804386,BTC-25OCT19-9000-C,422,1571035613209,1.0,1.0,0.016,sell,1,8316.24,63.0
2019-10-14 06:58:42.844,44804499,BTC-25OCT19-9000-C,423,1571036322844,3.0,3.0,0.016,sell,1,8322.06,62.72
2019-10-14 07:00:16.504,44804514,BTC-25OCT19-9000-C,424,1571036416504,3.0,3.0,0.016,sell,1,8323.54,62.66
2019-10-14 07:48:04.356,44805599,BTC-25OCT19-9000-C,425,1571039284356,1.5,1.5,0.0155,buy,2,8296.05,63.22
2019-10-14 08:49:08.210,44806934,BTC-25OCT19-9000-C,426,1571042948210,0.1,0.1,0.0145,sell,2,8313.46,60.68
2019-10-14 10:09:29.022,44809120,BTC-25OCT19-9000-C,427,1571047769022,0.1,0.1,0.014,sell,2,8304.12,60.4
2019-10-14 11:51:18.277,44812125,BTC-25OCT19-9000-C,428,1571053878277,1.0,1.0,0.014,sell,3,8301.61,60.73
2019-10-14 12:16:02.471,44815422,BTC-25OCT19-9000-C,429,1571055362471,0.3,0.3,0.0135,sell,2,8258.0,61.99
2019-10-14 12:17:03.541,44815617,BTC-25OCT19-9000-C,430,1571055423541,0.7000000000000001,0.7000000000000001,0.0135,sell,3,8250.31,62.38
2019-10-14 12:30:13.218,44817019,BTC-25OCT19-9000-C,431,1571056213218,1.0,1.0,0.0135,sell,3,8268.24,61.48
2019-10-14 14:14:37.747,44821934,BTC-25OCT19-9000-C,432,1571062477747,0.1,0.1,0.0145,buy,0,8285.89,62.71
2019-10-14 14:14:37.747,44821935,BTC-25OCT19-9000-C,433,1571062477747,0.1,0.1,0.0145,buy,1,8285.89,62.71
2019-10-14 14:14:37.747,44821936,BTC-25OCT19-9000-C,434,1571062477747,0.1,0.1,0.0145,buy,1,8285.89,62.71
2019-10-14 14:59:56.193,44823301,BTC-25OCT19-9000-C,435,1571065196193,1.5,1.5,0.014,sell,2,8266.96,62.83
2019-10-14 15:20:40.398,44824207,BTC-25OCT19-9000-C,436,1571066440398,1.0,1.0,0.0135,buy,2,8276.68,61.43
2019-10-14 16:29:09.118,44830519,BTC-25OCT19-9000-C,437,1571070549118,0.1,0.1,0.013,sell,2,8242.25,62.34
2019-10-14 16:34:41.685,44832479,BTC-25OCT19-9000-C,438,1571070881685,1.2,1.2,0.0145,buy,0,8294.09,62.71
2019-10-14 17:49:32.644,44850281,BTC-25OCT19-9000-C,440,1571075372644,6.0,6.0,0.014,sell,3,8336.49,59.57
2019-10-14 17:49:32.644,44850280,BTC-25OCT19-9000-C,439,1571075372644,24.0,24.0,0.014,sell,2,8336.49,59.57
2019-10-14 18:10:57.770,44851055,BTC-25OCT19-9000-C,441,1571076657770,15.0,15.0,0.015,sell,0,8345.77,60.99
2019-10-14 18:13:47.076,44851105,BTC-25OCT19-9000-C,442,1571076827076,15.0,15.0,0.0145,sell,2,8340.91,60.3
2019-10-14 18:19:02.868,44851184,BTC-25OCT19-9000-C,443,1571077142868,10.0,10.0,0.014,sell,2,8347.57,59.06
2019-10-14 18:19:02.868,44851185,BTC-25OCT19-9000-C,444,1571077142868,15.0,15.0,0.014,sell,3,8347.57,59.06
2019-10-14 18:58:37.503,44852706,BTC-25OCT19-9000-C,445,1571079517503,0.1,0.1,0.015,sell,0,8364.07,60.16
2019-10-14 19:57:49.805,44856887,BTC-25OCT19-9000-C,446,1571083069805,4.2,4.2,0.0135,sell,2,8336.44,58.83
2019-10-14 20:19:11.171,44857814,BTC-25OCT19-9000-C,447,1571084351171,0.5,0.5,0.014,sell,0,8340.59,59.64
2019-10-14 21:12:06.962,44861461,BTC-25OCT19-9000-C,448,1571087526962,0.9,0.9,0.013,sell,2,8261.09,61.95
2019-10-14 21:31:37.201,44865634,BTC-25OCT19-9000-C,449,1571088697201,2.0,2.0,0.0135,sell,0,8319.35,59.94
2019-10-14 21:36:24.146,44865885,BTC-25OCT19-9000-C,450,1571088984146,1.0,1.0,0.0135,sell,1,8329.05,59.49
2019-10-15 00:01:12.428,44872773,BTC-25OCT19-9000-C,451,1571097672428,0.1,0.1,0.0145,buy,0,8361.82,59.89
2019-10-15 00:03:24.724,44873219,BTC-25OCT19-9000-C,452,1571097804724,0.3,0.3,0.015,buy,0,8374.67,60.17
2019-10-15 00:19:27.316,44876374,BTC-25OCT19-9000-C,453,1571098767316,0.1,0.1,0.016,buy,0,8397.96,60.75
2019-10-15 00:37:38.885,44878472,BTC-25OCT19-9000-C,454,1571099858885,0.1,0.1,0.015,sell,2,8364.31,60.69
2019-10-15 01:25:14.242,44881472,BTC-25OCT19-9000-C,457,1571102714242,15.0,15.0,0.015,buy,3,8338.52,62.21
2019-10-15 01:25:14.242,44881470,BTC-25OCT19-9000-C,455,1571102714242,24.0,24.0,0.015,buy,3,8338.52,62.21
2019-10-15 01:25:14.242,44881471,BTC-25OCT19-9000-C,456,1571102714242,24.1,24.1,0.015,buy,3,8338.52,62.21
2019-10-15 01:25:14.245,44881473,BTC-25OCT19-9000-C,458,1571102714245,22.0,22.0,0.015,sell,3,8338.52,62.21
2019-10-15 01:25:14.246,44881474,BTC-25OCT19-9000-C,459,1571102714246,14.9,14.9,0.015,sell,3,8338.52,62.21
2019-10-15 01:26:26.658,44881542,BTC-25OCT19-9000-C,460,1571102786658,15.0,15.0,0.0155,buy,0,8339.99,63.06
2019-10-15 01:26:26.658,44881543,BTC-25OCT19-9000-C,461,1571102786658,10.0,10.0,0.0155,buy,1,8339.99,63.06
2019-10-15 01:26:26.658,44881544,BTC-25OCT19-9000-C,462,1571102786658,6.0,6.0,0.0155,buy,1,8339.99,63.06
2019-10-15 01:26:26.658,44881545,BTC-25OCT19-9000-C,463,1571102786658,2.3000000000000003,2.3000000000000003,0.016,buy,0,8339.99,63.99
2019-10-15 01:26:30.606,44881546,BTC-25OCT19-9000-C,464,1571102790606,15.0,15.0,0.0155,buy,2,8339.53,63.09
2019-10-15 01:26:30.608,44881547,BTC-25OCT19-9000-C,465,1571102790608,23.8,23.8,0.0155,sell,3,8339.53,63.09
2019-10-15 01:26:30.623,44881548,BTC-25OCT19-9000-C,466,1571102790623,11.200000000000001,11.200000000000001,0.0155,sell,3,8339.53,63.09
2019-10-15 01:26:30.702,44881549,BTC-25OCT19-9000-C,467,1571102790702,15.0,15.0,0.016,buy,0,8339.53,64.01
2019-10-15 01:26:30.702,44881550,BTC-25OCT19-9000-C,468,1571102790702,24.0,24.0,0.016,buy,1,8339.53,64.01
2019-10-15 01:26:30.702,44881551,BTC-25OCT19-9000-C,469,1571102790702,1.0,1.0,0.016,buy,1,8339.53,64.01
2019-10-15 01:26:41.610,44881555,BTC-25OCT19-9000-C,470,1571102801610,19.7,19.7,0.016,sell,1,8339.2,64.03
2019-10-15 01:26:48.576,44881558,BTC-25OCT19-9000-C,471,1571102808576,23.1,23.1,0.0165,buy,0,8339.34,64.93
2019-10-15 01:26:55.030,44881561,BTC-25OCT19-9000-C,472,1571102815030,15.0,15.0,0.016,buy,2,8340.25,63.98
2019-10-15 01:26:55.369,44881562,BTC-25OCT19-9000-C,473,1571102815369,8.1,8.1,0.016,sell,3,8340.25,63.98
2019-10-15 01:27:00.860,44881563,BTC-25OCT19-9000-C,474,1571102820860,6.9,6.9,0.016,buy,3,8340.49,63.96
2019-10-15 01:27:01.225,44881564,BTC-25OCT19-9000-C,475,1571102821225,15.0,15.0,0.016,sell,3,8340.42,63.96
2019-10-15 01:27:01.243,44881565,BTC-25OCT19-9000-C,476,1571102821243,1.2,1.2,0.016,sell,3,8340.42,63.96
2019-10-15 01:27:10.655,44881569,BTC-25OCT19-9000-C,477,1571102830655,15.0,15.0,0.016,sell,3,8340.03,63.98
2019-10-15 01:27:10.994,44881571,BTC-25OCT19-9000-C,478,1571102830994,7.4,7.4,0.016,sell,3,8340.03,63.98
2019-10-15 01:27:16.536,44881574,BTC-25OCT19-9000-C,479,1571102836536,10.0,10.0,0.0165,buy,0,8339.73,64.91
2019-10-15 01:27:16.536,44881575,BTC-25OCT19-9000-C,480,1571102836536,1.0,1.0,0.0165,buy,1,8339.73,64.91
2019-10-15 01:33:09.510,44881922,BTC-25OCT19-9000-C,481,1571103189510,15.0,15.0,0.0165,buy,1,8352.61,64.26
2019-10-15 01:33:09.510,44881923,BTC-25OCT19-9000-C,482,1571103189510,10.0,10.0,0.0165,buy,1,8352.61,64.26
2019-10-15 01:33:09.510,44881924,BTC-25OCT19-9000-C,483,1571103189510,5.0,5.0,0.017,buy,0,8352.61,65.16
2019-10-15 01:33:17.008,44881925,BTC-25OCT19-9000-C,484,1571103197008,18.0,18.0,0.017,buy,1,8352.86,65.16
2019-10-15 01:33:17.008,44881926,BTC-25OCT19-9000-C,485,1571103197008,12.0,12.0,0.017,buy,1,8352.86,65.16
2019-10-15 01:40:24.386,44882377,BTC-25OCT19-9000-C,486,1571103624386,10.0,10.0,0.016,sell,2,8346.42,63.68
2019-10-15 01:50:24.789,44882770,BTC-25OCT19-9000-C,487,1571104224789,10.0,10.0,0.016,sell,3,8338.54,64.12
2019-10-15 01:51:26.021,44882779,BTC-25OCT19-9000-C,488,1571104286021,10.0,10.0,0.016,buy,3,8337.83,64.15
2019-10-15 02:02:38.668,44883127,BTC-25OCT19-9000-C,489,1571104958668,5.0,5.0,0.016,sell,3,8330.31,64.56
2019-10-15 02:03:01.960,44883138,BTC-25OCT19-9000-C,490,1571104981960,5.0,5.0,0.016,sell,3,8329.41,64.67
2019-10-15 02:05:54.321,44883214,BTC-25OCT19-9000-C,491,1571105154321,5.0,5.0,0.016,sell,3,8331.44,64.53
2019-10-15 02:09:43.596,44883504,BTC-25OCT19-9000-C,492,1571105383596,24.0,24.0,0.0165,buy,0,8334.4,65.3
2019-10-15 02:15:51.077,44883669,BTC-25OCT19-9000-C,493,1571105751077,13.0,13.0,0.017,buy,0,8334.27,66.19
2019-10-15 02:15:51.077,44883670,BTC-25OCT19-9000-C,494,1571105751077,3.0,3.0,0.017,buy,1,8334.27,66.19
2019-10-15 03:44:38.127,44885598,BTC-25OCT19-9000-C,495,1571111078127,0.7000000000000001,0.7000000000000001,0.016,sell,2,8323.54,65.2
2019-10-15 03:47:27.432,44885684,BTC-25OCT19-9000-C,496,1571111247432,4.3,4.3,0.016,sell,3,8320.09,65.38
2019-10-15 03:47:27.432,44885685,BTC-25OCT19-9000-C,497,1571111247432,0.7000000000000001,0.7000000000000001,0.016,sell,3,8320.09,65.38
2019-10-15 03:47:28.343,44885686,BTC-25OCT19-9000-C,498,1571111248343,0.3,0.3,0.016,sell,3,8320.09,65.38
2019-10-15 07:14:06.783,44890841,BTC-25OCT19-9000-C,499,1571123646783,2.0,2.0,0.015,sell,2,8309.74,64.56
2019-10-15 07:25:54.117,44891010,BTC-25OCT19-9000-C,500,1571124354117,1.0,1.0,0.015,sell,3,8316.41,64.3
2019-10-15 07:35:50.774,44891376,BTC-25OCT19-9000-C,502,1571124950774,8.0,8.0,0.015,sell,3,8297.36,65.26
2019-10-15 07:35:50.774,44891375,BTC-25OCT19-9000-C,501,1571124950774,7.0,7.0,0.015,sell,3,8297.36,65.26
2019-10-15 07:35:54.616,44891386,BTC-25OCT19-9000-C,503,1571124954616,1.0,1.0,0.015,sell,3,8296.24,65.34
2019-10-15 07:37:23.913,44891491,BTC-25OCT19-9000-C,504,1571125043913,21.0,21.0,0.015,sell,3,8296.79,65.33
2019-10-15 07:54:41.962,44892163,BTC-25OCT19-9000-C,505,1571126081962,20.0,20.0,0.0145,sell,2,8291.61,64.66
2019-10-15 07:56:42.435,44892698,BTC-25OCT19-9000-C,506,1571126202435,20.0,20.0,0.0145,buy,3,8288.21,64.84
2019-10-15 07:56:42.435,44892699,BTC-25OCT19-9000-C,507,1571126202435,10.0,10.0,0.0145,buy,3,8288.21,64.84
2019-10-15 08:03:53.204,44893643,BTC-25OCT19-9000-C,508,1571126633204,1.0,1.0,0.0145,sell,3,8276.39,65.52
2019-10-15 08:11:29.326,44894050,BTC-25OCT19-9000-C,509,1571127089326,0.1,0.1,0.014,sell,2,8273.24,64.76
2019-10-15 08:49:14.858,44898223,BTC-25OCT19-9000-C,510,1571129354858,0.1,0.1,0.014,sell,3,8293.42,63.79
2019-10-15 10:05:50.188,44900159,BTC-25OCT19-9000-C,511,1571133950188,5.0,5.0,0.014,sell,3,8285.58,64.37
2019-10-15 10:21:21.567,44900935,BTC-25OCT19-9000-C,512,1571134881567,5.0,5.0,0.0145,buy,0,8312.6,63.98
2019-10-15 11:15:06.676,44903119,BTC-25OCT19-9000-C,513,1571138106676,0.5,0.5,0.014,sell,2,8298.28,63.77
2019-10-15 11:22:15.261,44903406,BTC-25OCT19-9000-C,514,1571138535261,2.0,2.0,0.0145,buy,0,8295.44,64.93
2019-10-15 11:22:15.261,44903407,BTC-25OCT19-9000-C,515,1571138535261,2.0,2.0,0.0145,buy,1,8295.44,64.93
2019-10-15 11:36:46.831,44903999,BTC-25OCT19-9000-C,516,1571139406831,0.1,0.1,0.014,sell,2,8292.88,64.13
2019-10-15 12:42:30.974,44905823,BTC-25OCT19-9000-C,517,1571143350974,0.1,0.1,0.0145,buy,0,8301.87,64.81
2019-10-15 12:42:30.974,44905824,BTC-25OCT19-9000-C,518,1571143350974,0.1,0.1,0.0145,buy,1,8301.87,64.81
2019-10-15 12:43:12.496,44905826,BTC-25OCT19-9000-C,519,1571143392496,0.3,0.3,0.015,buy,0,8300.93,65.83
2019-10-15 12:49:53.417,44906354,BTC-25OCT19-9000-C,520,1571143793417,4.7,4.7,0.015,buy,1,8315.47,65.02
2019-10-15 12:50:58.668,44906381,BTC-25OCT19-9000-C,521,1571143858668,2.0,2.0,0.0155,buy,0,8315.08,66.04
2019-10-15 12:50:58.668,44906382,BTC-25OCT19-9000-C,522,1571143858668,0.1,0.1,0.0155,buy,1,8315.08,66.04
2019-10-15 12:51:01.976,44906383,BTC-25OCT19-9000-C,523,1571143861976,2.9,2.9,0.0155,sell,1,8315.17,66.04
2019-10-15 13:03:22.418,44906752,BTC-25OCT19-9000-C,524,1571144602418,5.0,5.0,0.0155,buy,1,8315.24,66.04
2019-10-15 13:21:43.685,44907462,BTC-25OCT19-9000-C,525,1571145703685,0.2,0.2,0.0145,sell,2,8301.78,64.88
2019-10-15 13:37:59.185,44907814,BTC-25OCT19-9000-C,526,1571146679185,0.1,0.1,0.015,buy,0,8303.03,65.81
2019-10-15 13:37:59.185,44907815,BTC-25OCT19-9000-C,527,1571146679185,14.9,14.9,0.015,buy,1,8303.03,65.81
2019-10-15 13:45:44.207,44908059,BTC-25OCT19-9000-C,528,1571147144207,3.0,3.0,0.015,buy,1,8304.07,65.79
2019-10-15 13:51:21.196,44908070,BTC-25OCT19-9000-C,529,1571147481196,0.1,0.1,0.0155,buy,0,8303.96,66.77
2019-10-15 13:51:42.097,44908071,BTC-25OCT19-9000-C,530,1571147502097,1.0,1.0,0.015,sell,2,8303.24,65.85
2019-10-15 14:10:06.245,44908539,BTC-25OCT19-9000-C,531,1571148606245,18.0,18.0,0.015,buy,3,8299.95,66.12
2019-10-15 14:12:11.387,44908598,BTC-25OCT19-9000-C,532,1571148731387,5.0,5.0,0.015,buy,3,8300.75,66.05
2019-10-15 14:15:00.803,44908699,BTC-25OCT19-9000-C,533,1571148900803,0.1,0.1,0.0145,sell,2,8307.57,64.71
2019-10-15 14:15:00.803,44908700,BTC-25OCT19-9000-C,534,1571148900803,1.5,1.5,0.0145,sell,3,8307.57,64.71
2019-10-15 14:15:00.803,44908701,BTC-25OCT19-9000-C,535,1571148900803,5.0,5.0,0.0145,sell,3,8307.57,64.71
2019-10-15 14:40:57.920,44910262,BTC-25OCT19-9000-C,536,1571150457920,10.0,10.0,0.014,sell,2,8285.28,64.94
2019-10-15 14:47:26.044,44912251,BTC-25OCT19-9000-C,537,1571150846044,0.3,0.3,0.014,sell,3,8279.51,65.29
2019-10-15 14:55:45.779,44913918,BTC-25OCT19-9000-C,538,1571151345779,24.0,24.0,0.014,sell,3,8261.06,66.12
2019-10-15 14:55:48.143,44914048,BTC-25OCT19-9000-C,539,1571151348143,5.0,5.0,0.014,sell,3,8260.37,66.39
2019-10-15 14:55:48.222,44914050,BTC-25OCT19-9000-C,540,1571151348222,4.9,4.9,0.014,sell,3,8256.49,66.39
2019-10-15 14:55:48.222,44914051,BTC-25OCT19-9000-C,541,1571151348222,10.1,10.1,0.014,sell,3,8256.49,66.39
2019-10-15 14:55:48.351,44914066,BTC-25OCT19-9000-C,542,1571151348351,4.5,4.5,0.014,sell,3,8256.49,66.39
2019-10-15 14:55:48.807,44914120,BTC-25OCT19-9000-C,543,1571151348807,5.4,5.4,0.014,sell,3,8256.49,66.39
2019-10-15 14:55:49.363,44914140,BTC-25OCT19-9000-C,544,1571151349363,5.0,5.0,0.013,sell,2,8253.71,64.57
2019-10-15 14:59:16.499,44915994,BTC-25OCT19-9000-C,545,1571151556499,0.1,0.1,0.0145,buy,0,8257.98,67.48
2019-10-15 14:59:16.499,44915995,BTC-25OCT19-9000-C,546,1571151556499,1.9000000000000001,1.9000000000000001,0.0145,buy,1,8257.98,67.48
2019-10-15 15:02:08.881,44916561,BTC-25OCT19-9000-C,547,1571151728881,5.0,5.0,0.0125,sell,2,8246.21,64.1
2019-10-15 15:38:01.679,44920084,BTC-25OCT19-9000-C,548,1571153881679,2.5,2.5,0.014,sell,0,8259.73,66.49
2019-10-15 15:43:26.958,44920627,BTC-25OCT19-9000-C,549,1571154206958,1.0,1.0,0.013,buy,2,8258.42,64.53
2019-10-15 15:46:47.415,44920762,BTC-25OCT19-9000-C,550,1571154407415,3.0,3.0,0.013,buy,3,8259.4,64.5
2019-10-15 15:46:49.589,44920763,BTC-25OCT19-9000-C,551,1571154409589,3.0,3.0,0.013,buy,3,8259.43,64.51
2019-10-15 15:46:51.686,44920765,BTC-25OCT19-9000-C,552,1571154411686,3.0,3.0,0.013,buy,3,8259.61,64.51
2019-10-15 15:50:45.455,44920999,BTC-25OCT19-9000-C,553,1571154645455,1.2,1.2,0.0125,sell,2,8252.92,63.84
2019-10-15 15:50:45.461,44921000,BTC-25OCT19-9000-C,554,1571154645461,1.7,1.7,0.0125,sell,3,8252.92,63.84
2019-10-15 15:50:45.462,44921001,BTC-25OCT19-9000-C,555,1571154645462,2.9,2.9,0.0125,sell,3,8252.92,63.84
2019-10-15 15:50:45.464,44921002,BTC-25OCT19-9000-C,556,1571154645464,1.9000000000000001,1.9000000000000001,0.0125,sell,3,8252.92,63.84
2019-10-15 15:50:45.467,44921003,BTC-25OCT19-9000-C,557,1571154645467,1.8,1.8,0.0125,sell,3,8252.92,63.84
2019-10-15 15:50:45.470,44921004,BTC-25OCT19-9000-C,558,1571154645470,1.1,1.1,0.0125,sell,3,8252.92,63.84
2019-10-15 15:50:45.702,44921005,BTC-25OCT19-9000-C,559,1571154645702,1.7,1.7,0.0125,sell,3,8252.92,63.84
2019-10-15 15:50:45.702,44921006,BTC-25OCT19-9000-C,560,1571154645702,0.9,0.9,0.012,sell,2,8252.92,62.8
2019-10-15 15:50:45.711,44921008,BTC-25OCT19-9000-C,562,1571154645711,1.2,1.2,0.012,sell,3,8252.92,62.8
2019-10-15 15:50:45.711,44921007,BTC-25OCT19-9000-C,561,1571154645711,4.1,4.1,0.012,sell,3,8252.92,62.8
2019-10-15 15:50:45.721,44921011,BTC-25OCT19-9000-C,563,1571154645721,1.2,1.2,0.012,sell,3,8252.92,62.8
2019-10-15 15:57:43.922,44922989,BTC-25OCT19-9000-C,564,1571155063922,1.1,1.1,0.0135,buy,0,8291.94,64.1
2019-10-15 15:57:43.922,44922990,BTC-25OCT19-9000-C,565,1571155063922,1.2,1.2,0.0135,buy,1,8291.94,64.1
2019-10-15 15:57:43.922,44922991,BTC-25OCT19-9000-C,566,1571155063922,2.6,2.6,0.0135,buy,1,8291.94,64.1
2019-10-15 15:57:43.922,44922992,BTC-25OCT19-9000-C,567,1571155063922,2.9,2.9,0.0135,buy,1,8291.94,64.1
2019-10-15 15:57:43.922,44922993,BTC-25OCT19-9000-C,568,1571155063922,1.9000000000000001,1.9000000000000001,0.0135,buy,1,8291.94,64.1
2019-10-15 15:57:43.922,44922994,BTC-25OCT19-9000-C,569,1571155063922,1.7,1.7,0.0135,buy,1,8291.94,64.1
2019-10-15 15:57:43.922,44922995,BTC-25OCT19-9000-C,570,1571155063922,3.6,3.6,0.0135,buy,1,8291.94,64.1
2019-10-15 15:57:43.952,44922996,BTC-25OCT19-9000-C,571,1571155063952,1.7,1.7,0.0135,buy,1,8291.94,64.1
2019-10-15 15:57:43.952,44922997,BTC-25OCT19-9000-C,572,1571155063952,1.8,1.8,0.0135,buy,1,8291.94,64.1
2019-10-15 15:57:43.952,44922998,BTC-25OCT19-9000-C,573,1571155063952,1.2,1.2,0.0135,buy,1,8291.94,64.1
2019-10-15 16:14:25.823,44940835,BTC-25OCT19-9000-C,574,1571156065823,1.0,1.0,0.011,sell,2,8193.74,63.77
2019-10-15 16:15:09.727,44941811,BTC-25OCT19-9000-C,576,1571156109727,0.1,0.1,0.011,sell,3,8147.17,65.8
2019-10-15 16:15:09.727,44941810,BTC-25OCT19-9000-C,575,1571156109727,2.0,2.0,0.011,sell,3,8147.17,65.8
2019-10-15 16:25:56.968,44952523,BTC-25OCT19-9000-C,578,1571156756968,0.1,0.1,0.0115,buy,1,8177.17,65.75
2019-10-15 16:25:56.968,44952522,BTC-25OCT19-9000-C,577,1571156756968,0.1,0.1,0.0115,buy,0,8177.17,65.75
2019-10-15 17:25:25.012,44959691,BTC-25OCT19-9000-C,579,1571160325012,2.0,2.0,0.0115,sell,1,8190.75,65.2
2019-10-15 17:56:25.122,44961043,BTC-25OCT19-9000-C,580,1571162185122,3.0,3.0,0.011,sell,2,8165.75,65.45
2019-10-15 18:52:45.386,44964756,BTC-25OCT19-9000-C,581,1571165565386,24.0,24.0,0.0115,buy,0,8172.57,66.34
2019-10-15 18:52:45.386,44964757,BTC-25OCT19-9000-C,582,1571165565386,0.1,0.1,0.0115,buy,1,8172.57,66.34
2019-10-15 18:52:45.386,44964758,BTC-25OCT19-9000-C,583,1571165565386,11.200000000000001,11.200000000000001,0.0115,buy,1,8172.57,66.34
2019-10-15 18:53:49.184,44964815,BTC-25OCT19-9000-C,584,1571165629184,0.1,0.1,0.012,buy,0,8175.05,67.31
2019-10-15 18:53:49.184,44964816,BTC-25OCT19-9000-C,585,1571165629184,16.0,16.0,0.012,buy,1,8175.05,67.31
2019-10-15 18:53:49.184,44964817,BTC-25OCT19-9000-C,586,1571165629184,15.0,15.0,0.012,buy,1,8175.05,67.31
2019-10-15 18:53:49.184,44964818,BTC-25OCT19-9000-C,587,1571165629184,3.9,3.9,0.012,buy,1,8175.05,67.31
2019-10-15 18:54:34.898,44964870,BTC-25OCT19-9000-C,588,1571165674898,0.1,0.1,0.012,buy,1,8176.14,67.26
2019-10-15 18:54:34.898,44964871,BTC-25OCT19-9000-C,589,1571165674898,11.5,11.5,0.012,buy,1,8176.14,67.26
2019-10-15 19:05:09.855,44965183,BTC-25OCT19-9000-C,590,1571166309855,4.0,4.0,0.012,buy,1,8173.63,67.44
2019-10-15 19:05:09.857,44965184,BTC-25OCT19-9000-C,591,1571166309857,6.0,6.0,0.012,sell,1,8173.63,67.44
2019-10-15 19:50:15.521,44966918,BTC-25OCT19-9000-C,592,1571169015521,2.0,2.0,0.011,sell,2,8172.31,65.4
2019-10-15 19:53:41.895,44966980,BTC-25OCT19-9000-C,593,1571169221895,1.0,1.0,0.011,sell,3,8176.8,65.16
2019-10-15 21:02:56.084,44969362,BTC-25OCT19-9000-C,594,1571173376084,7.9,7.9,0.0115,buy,0,8139.08,68.34
2019-10-15 21:03:30.355,44969434,BTC-25OCT19-9000-C,595,1571173410355,2.0,2.0,0.0115,sell,1,8136.12,68.49
2019-10-15 21:16:11.473,44970415,BTC-25OCT19-9000-C,596,1571174171473,1.0,1.0,0.012,buy,0,8149.52,68.91
2019-10-15 21:16:11.473,44970416,BTC-25OCT19-9000-C,597,1571174171473,24.0,24.0,0.0125,buy,0,8149.52,70.0
2019-10-15 21:16:11.473,44970417,BTC-25OCT19-9000-C,598,1571174171473,10.0,10.0,0.0125,buy,1,8149.52,70.0
2019-10-15 21:32:31.649,44971559,BTC-25OCT19-9000-C,599,1571175151649,10.0,10.0,0.011,sell,2,8129.55,67.72
2019-10-15 21:32:31.773,44971560,BTC-25OCT19-9000-C,600,1571175151773,6.0,6.0,0.011,sell,3,8129.54,67.72
2019-10-15 21:32:37.941,44971561,BTC-25OCT19-9000-C,601,1571175157941,1.0,1.0,0.011,sell,3,8129.7,67.71
2019-10-16 00:14:33.275,44980431,BTC-25OCT19-9000-C,602,1571184873275,10.0,10.0,0.012,buy,0,8160.52,68.83
2019-10-16 00:14:33.275,44980432,BTC-25OCT19-9000-C,603,1571184873275,4.0,4.0,0.012,buy,1,8160.52,68.83
2019-10-16 00:32:13.712,44980979,BTC-25OCT19-9000-C,604,1571185933712,20.0,20.0,0.012,buy,1,8160.0,68.88
2019-10-16 01:12:59.525,44981765,BTC-25OCT19-9000-C,605,1571188379525,1.0,1.0,0.012,buy,1,8169.63,68.56
2019-10-16 01:14:16.477,44981773,BTC-25OCT19-9000-C,606,1571188456477,14.0,14.0,0.012,buy,1,8170.33,68.48
2019-10-16 01:14:36.864,44981775,BTC-25OCT19-9000-C,607,1571188476864,10.0,10.0,0.012,buy,1,8170.29,68.48
2019-10-16 03:38:08.293,44984918,BTC-25OCT19-9000-C,608,1571197088293,0.2,0.2,0.0105,sell,2,8150.54,66.47
2019-10-16 05:49:46.835,44987002,BTC-25OCT19-9000-C,609,1571204986835,2.0,2.0,0.0105,sell,3,8167.51,65.95
2019-10-16 06:30:17.420,44987819,BTC-25OCT19-9000-C,610,1571207417420,3.0,3.0,0.0105,sell,3,8170.89,65.85
2019-10-16 06:40:45.692,44987880,BTC-25OCT19-9000-C,611,1571208045692,3.0,3.0,0.0105,sell,3,8171.75,65.86
2019-10-16 07:01:21.825,44988926,BTC-25OCT19-9000-C,612,1571209281825,1.0,1.0,0.0105,sell,3,8150.77,67.03
2019-10-16 07:06:58.496,44989172,BTC-25OCT19-9000-C,613,1571209618496,0.8,0.8,0.0105,sell,3,8149.58,67.07
2019-10-16 08:12:09.323,44994681,BTC-25OCT19-9000-C,614,1571213529323,18.8,18.8,0.0105,buy,3,8122.44,68.62
2019-10-16 08:12:09.323,44994682,BTC-25OCT19-9000-C,615,1571213529323,24.0,24.0,0.0105,buy,3,8122.44,68.62
2019-10-16 08:12:09.326,44994683,BTC-25OCT19-9000-C,616,1571213529326,7.2,7.2,0.0105,sell,3,8122.44,68.62
2019-10-16 09:31:18.073,44997639,BTC-25OCT19-9000-C,617,1571218278073,2.0,2.0,0.01,sell,2,8123.86,67.56
2019-10-16 10:04:35.709,45001281,BTC-25OCT19-9000-C,618,1571220275709,24.0,24.0,0.0105,buy,0,8156.94,67.11
2019-10-16 10:06:02.666,45001350,BTC-25OCT19-9000-C,619,1571220362666,18.8,18.8,0.011,buy,0,8153.82,68.43
2019-10-16 10:06:02.668,45001351,BTC-25OCT19-9000-C,620,1571220362668,5.2,5.2,0.011,sell,1,8153.82,68.43
2019-10-16 10:09:41.424,45001581,BTC-25OCT19-9000-C,621,1571220581424,3.0,3.0,0.011,sell,1,8150.09,68.63
2019-10-16 11:24:22.835,45003357,BTC-25OCT19-9000-C,623,1571225062835,1.0,1.0,0.01,sell,3,8142.92,66.87
2019-10-16 11:24:22.835,45003356,BTC-25OCT19-9000-C,622,1571225062835,1.0,1.0,0.01,sell,2,8142.92,66.87
2019-10-16 11:31:09.218,45004008,BTC-25OCT19-9000-C,624,1571225469218,9.0,9.0,0.01,sell,3,8134.08,67.34
2019-10-16 11:31:09.218,45004009,BTC-25OCT19-9000-C,625,1571225469218,0.1,0.1,0.01,sell,3,8134.08,67.34
2019-10-16 11:33:02.902,45004053,BTC-25OCT19-9000-C,626,1571225582902,24.0,24.0,0.0105,buy,0,8132.8,68.6
2019-10-16 11:38:25.765,45005308,BTC-25OCT19-9000-C,627,1571225905765,0.4,0.4,0.01,sell,2,8102.73,68.93
2019-10-16 11:40:34.912,45008341,BTC-25OCT19-9000-C,628,1571226034912,25.0,25.0,0.01,sell,3,8072.29,70.17
2019-10-16 11:40:36.229,45008525,BTC-25OCT19-9000-C,629,1571226036229,5.0,5.0,0.01,sell,3,8071.07,70.62
2019-10-16 11:40:37.776,45008633,BTC-25OCT19-9000-C,630,1571226037776,19.6,19.6,0.01,sell,3,8071.0,70.6
2019-10-16 11:41:13.753,45011066,BTC-25OCT19-9000-C,631,1571226073753,0.1,0.1,0.0095,sell,2,8037.58,70.73
2019-10-16 11:41:13.753,45011067,BTC-25OCT19-9000-C,632,1571226073753,25.900000000000002,25.900000000000002,0.0095,sell,3,8037.58,70.73
2019-10-16 11:41:15.575,45011320,BTC-25OCT19-9000-C,633,1571226075575,10.0,10.0,0.0095,sell,3,8032.82,71.09
2019-10-16 11:41:15.718,45011345,BTC-25OCT19-9000-C,634,1571226075718,5.0,5.0,0.0095,sell,3,8032.82,71.09
2019-10-16 11:41:16.689,45011430,BTC-25OCT19-9000-C,635,1571226076689,9.1,9.1,0.0095,sell,3,8029.34,71.29
2019-10-16 11:41:24.299,45012296,BTC-25OCT19-9000-C,637,1571226084299,9.9,9.9,0.0095,buy,0,8012.18,72.13
2019-10-16 11:41:24.299,45012295,BTC-25OCT19-9000-C,636,1571226084299,0.1,0.1,0.009,buy,2,8012.18,70.84
2019-10-16 11:41:26.605,45012533,BTC-25OCT19-9000-C,638,1571226086605,5.0,5.0,0.0095,buy,1,8009.81,72.36
2019-10-16 11:41:26.669,45012538,BTC-25OCT19-9000-C,639,1571226086669,5.0,5.0,0.0095,sell,1,8009.81,72.36
2019-10-16 11:41:27.681,45012616,BTC-25OCT19-9000-C,640,1571226087681,10.0,10.0,0.0095,buy,1,8011.09,72.45
2019-10-16 11:41:36.519,45013271,BTC-25OCT19-9000-C,641,1571226096519,6.0,6.0,0.0095,buy,1,8010.49,72.56
2019-10-16 12:19:53.243,45024484,BTC-25OCT19-9000-C,642,1571228393243,0.1,0.1,0.009,sell,2,8023.44,70.55
2019-10-16 12:19:53.243,45024485,BTC-25OCT19-9000-C,643,1571228393243,0.1,0.1,0.009,sell,3,8023.44,70.55
2019-10-16 12:29:40.597,45028143,BTC-25OCT19-9000-C,644,1571228980597,0.1,0.1,0.0085,sell,2,8005.98,70.18
2019-10-16 12:29:40.597,45028144,BTC-25OCT19-9000-C,645,1571228980597,0.1,0.1,0.0085,sell,3,8005.98,70.18
2019-10-16 12:41:51.223,45036124,BTC-25OCT19-9000-C,646,1571229711223,0.1,0.1,0.008,buy,2,7983.47,69.89
2019-10-16 12:41:51.223,45036125,BTC-25OCT19-9000-C,647,1571229711223,0.1,0.1,0.008,buy,3,7983.47,69.89
2019-10-16 12:43:58.705,45037835,BTC-25OCT19-9000-C,648,1571229838705,0.1,0.1,0.0085,buy,0,7988.57,71.03
2019-10-16 12:43:58.710,45037836,BTC-25OCT19-9000-C,649,1571229838710,15.0,15.0,0.0085,sell,1,7988.57,71.03
2019-10-16 12:45:23.918,45038016,BTC-25OCT19-9000-C,650,1571229923918,5.0,5.0,0.0075,sell,2,7989.06,68.24
2019-10-16 12:46:59.036,45038285,BTC-25OCT19-9000-C,651,1571230019036,0.1,0.1,0.007,sell,2,7980.77,67.22
2019-10-16 12:46:59.036,45038286,BTC-25OCT19-9000-C,652,1571230019036,0.1,0.1,0.007,sell,3,7980.77,67.22
2019-10-16 12:46:59.036,45038287,BTC-25OCT19-9000-C,653,1571230019036,1.8,1.8,0.007,sell,3,7980.77,67.22
2019-10-16 12:49:17.674,45038847,BTC-25OCT19-9000-C,654,1571230157674,0.1,0.1,0.0075,sell,0,7980.14,68.69
2019-10-16 12:49:17.677,45038848,BTC-25OCT19-9000-C,655,1571230157677,1.9000000000000001,1.9000000000000001,0.0075,buy,1,7980.14,68.69
2019-10-16 12:49:36.322,45038894,BTC-25OCT19-9000-C,656,1571230176322,0.1,0.1,0.0075,buy,1,7982.92,68.56
2019-10-16 13:01:14.969,45040829,BTC-25OCT19-9000-C,657,1571230874969,0.1,0.1,0.008,buy,0,7972.97,70.49
2019-10-16 13:01:14.969,45040830,BTC-25OCT19-9000-C,658,1571230874969,2.9,2.9,0.0085,buy,0,7972.97,71.87
2019-10-16 13:08:57.895,45041687,BTC-25OCT19-9000-C,659,1571231337895,15.0,15.0,0.0075,sell,2,7991.15,68.22
2019-10-16 13:08:57.895,45041688,BTC-25OCT19-9000-C,660,1571231337895,15.0,15.0,0.0075,sell,3,7991.15,68.22
2019-10-16 13:08:58.503,45041690,BTC-25OCT19-9000-C,661,1571231338503,3.8000000000000003,3.8000000000000003,0.0075,sell,3,7991.2,68.21
2019-10-16 13:08:58.503,45041691,BTC-25OCT19-9000-C,662,1571231338503,22.0,22.0,0.0075,sell,3,7991.2,68.21
2019-10-16 13:28:05.061,45043196,BTC-25OCT19-9000-C,663,1571232485061,2.0,2.0,0.0075,buy,3,7999.38,67.88
2019-10-16 13:28:05.061,45043197,BTC-25OCT19-9000-C,664,1571232485061,1.0,1.0,0.008,buy,0,7999.38,69.27
2019-10-16 13:33:06.018,45043778,BTC-25OCT19-9000-C,665,1571232786018,0.1,0.1,0.007,sell,2,7990.54,66.89
2019-10-16 13:33:06.018,45043779,BTC-25OCT19-9000-C,666,1571232786018,0.1,0.1,0.007,sell,3,7990.54,66.89
2019-10-16 13:47:35.288,45044543,BTC-25OCT19-9000-C,667,1571233655288,0.1,0.1,0.0075,buy,0,7984.44,68.67
2019-10-16 13:47:35.288,45044544,BTC-25OCT19-9000-C,668,1571233655288,5.9,5.9,0.0075,buy,1,7984.44,68.67
2019-10-16 14:01:40.730,45045672,BTC-25OCT19-9000-C,671,1571234500730,9.8,9.8,0.0075,buy,1,7994.59,68.23
2019-10-16 14:01:40.730,45045670,BTC-25OCT19-9000-C,669,1571234500730,0.1,0.1,0.0075,buy,1,7994.59,68.23
2019-10-16 14:01:40.730,45045671,BTC-25OCT19-9000-C,670,1571234500730,0.1,0.1,0.0075,buy,1,7994.59,68.23
2019-10-16 14:13:25.229,45046742,BTC-25OCT19-9000-C,672,1571235205229,2.0,2.0,0.007,sell,2,7979.33,67.54
2019-10-16 14:33:02.949,45047903,BTC-25OCT19-9000-C,673,1571236382949,0.4,0.4,0.0065,sell,2,7970.05,66.55
2019-10-16 14:33:02.949,45047904,BTC-25OCT19-9000-C,674,1571236382949,3.0,3.0,0.0065,sell,3,7970.05,66.55
2019-10-16 14:33:02.949,45047905,BTC-25OCT19-9000-C,675,1571236382949,0.1,0.1,0.0065,sell,3,7970.05,66.55
2019-10-16 15:18:18.545,45053124,BTC-25OCT19-9000-C,676,1571239098545,0.1,0.1,0.007,buy,0,7982.9,67.53
2019-10-16 15:18:18.545,45053125,BTC-25OCT19-9000-C,677,1571239098545,0.1,0.1,0.007,buy,1,7982.9,67.53
2019-10-16 15:23:49.896,45053341,BTC-25OCT19-9000-C,678,1571239429896,1.8,1.8,0.007,sell,1,7979.65,67.72
2019-10-16 15:23:49.896,45053342,BTC-25OCT19-9000-C,679,1571239429896,0.2,0.2,0.007,sell,1,7979.65,67.72
2019-10-16 15:24:15.567,45053372,BTC-25OCT19-9000-C,680,1571239455567,1.8,1.8,0.007,sell,1,7978.98,67.74
2019-10-16 15:24:15.567,45053373,BTC-25OCT19-9000-C,681,1571239455567,2.0,2.0,0.007,sell,1,7978.98,67.74
2019-10-16 15:24:15.567,45053374,BTC-25OCT19-9000-C,682,1571239455567,2.0,2.0,0.007,sell,1,7978.98,67.74
2019-10-16 15:24:15.567,45053375,BTC-25OCT19-9000-C,683,1571239455567,1.0,1.0,0.007,sell,1,7978.98,67.74
2019-10-16 15:38:49.286,45054364,BTC-25OCT19-9000-C,684,1571240329286,1.0,1.0,0.006,buy,2,7958.86,65.74
2019-10-16 15:38:50.352,45054365,BTC-25OCT19-9000-C,685,1571240330352,1.0,1.0,0.006,buy,3,7958.83,65.74
2019-10-16 15:38:51.233,45054366,BTC-25OCT19-9000-C,686,1571240331233,1.0,1.0,0.006,buy,3,7958.83,65.74
2019-10-16 16:00:45.823,45057094,BTC-25OCT19-9000-C,687,1571241645823,0.1,0.1,0.006,sell,3,7928.71,67.15
2019-10-16 16:04:10.862,45060531,BTC-25OCT19-9000-C,688,1571241850862,0.1,0.1,0.006,buy,3,7977.0,64.97
2019-10-16 16:05:44.057,45062124,BTC-25OCT19-9000-C,689,1571241944057,0.1,0.1,0.007,buy,0,7976.45,68.04
2019-10-16 16:07:38.248,45062593,BTC-25OCT19-9000-C,690,1571242058248,0.1,0.1,0.007,buy,1,7978.34,67.95
2019-10-16 16:30:39.834,45067324,BTC-25OCT19-9000-C,691,1571243439834,0.2,0.2,0.0055,sell,2,7991.16,62.79
2019-10-16 17:16:11.186,45070101,BTC-25OCT19-9000-C,692,1571246171186,0.5,0.5,0.006,buy,0,7970.92,65.44
2019-10-16 17:26:10.871,45071428,BTC-25OCT19-9000-C,693,1571246770871,0.1,0.1,0.0055,sell,2,7951.44,64.78
2019-10-16 17:26:10.871,45071429,BTC-25OCT19-9000-C,694,1571246770871,19.900000000000002,19.900000000000002,0.005,sell,2,7951.44,63.09
2019-10-16 20:01:25.101,45082072,BTC-25OCT19-9000-C,695,1571256085101,5.0,5.0,0.0055,sell,0,7959.35,64.83
2019-10-16 20:23:49.532,45083034,BTC-25OCT19-9000-C,696,1571257429532,0.1,0.1,0.0055,sell,1,7976.45,64.11
2019-10-16 20:53:43.710,45083769,BTC-25OCT19-9000-C,697,1571259223710,5.0,5.0,0.006,buy,0,7979.8,65.66
2019-10-16 20:53:43.710,45083770,BTC-25OCT19-9000-C,698,1571259223710,0.1,0.1,0.006,buy,1,7979.8,65.66
2019-10-16 23:53:52.595,45090779,BTC-25OCT19-9000-C,699,1571270032595,2.6,2.6,0.006,sell,1,8005.66,64.89
2019-10-17 01:31:51.665,45095587,BTC-25OCT19-9000-C,700,1571275911665,1.0,1.0,0.006,buy,1,7969.12,66.94
2019-10-17 02:22:07.116,45096554,BTC-25OCT19-9000-C,701,1571278927116,2.0,2.0,0.0055,sell,2,7972.31,65.25
2019-10-17 03:53:13.156,45098303,BTC-25OCT19-9000-C,702,1571284393156,8.0,8.0,0.005,sell,2,7980.33,63.42
2019-10-17 04:34:33.919,45099268,BTC-25OCT19-9000-C,703,1571286873919,0.1,0.1,0.005,sell,3,7968.44,64.1
2019-10-17 04:34:33.919,45099269,BTC-25OCT19-9000-C,704,1571286873919,0.1,0.1,0.005,sell,3,7968.44,64.1
2019-10-17 04:34:33.919,45099270,BTC-25OCT19-9000-C,705,1571286873919,0.8,0.8,0.0045,sell,2,7968.44,62.3
2019-10-17 04:34:36.660,45099271,BTC-25OCT19-9000-C,706,1571286876660,1.0,1.0,0.0045,sell,3,7968.47,62.3
2019-10-17 04:34:41.074,45099275,BTC-25OCT19-9000-C,707,1571286881074,1.0,1.0,0.0045,sell,3,7968.3,62.3
2019-10-17 04:35:51.870,45099278,BTC-25OCT19-9000-C,708,1571286951870,2.0,2.0,0.005,buy,0,7968.52,64.1
2019-10-17 04:43:14.201,45099432,BTC-25OCT19-9000-C,709,1571287394201,0.1,0.1,0.005,buy,1,7966.81,64.21
2019-10-17 04:58:20.395,45102079,BTC-25OCT19-9000-C,710,1571288300395,0.1,0.1,0.005,sell,1,7950.75,65.02
2019-10-17 05:32:42.016,45103638,BTC-25OCT19-9000-C,711,1571290362016,0.1,0.1,0.0055,buy,0,7954.92,66.64
2019-10-17 05:33:35.692,45103647,BTC-25OCT19-9000-C,712,1571290415692,0.9,0.9,0.006,buy,0,7955.17,68.29
2019-10-17 05:36:15.706,45103726,BTC-25OCT19-9000-C,713,1571290575706,0.1,0.1,0.005,sell,2,7956.68,64.85
2019-10-17 05:36:19.161,45103735,BTC-25OCT19-9000-C,714,1571290579161,1.9000000000000001,1.9000000000000001,0.005,buy,3,7956.58,64.85
2019-10-17 08:16:20.208,45111277,BTC-25OCT19-9000-C,715,1571300180208,0.1,0.1,0.0055,buy,0,8008.9,64.45
2019-10-17 08:18:10.556,45111574,BTC-25OCT19-9000-C,716,1571300290556,13.6,13.6,0.005,sell,2,8004.74,62.99
2019-10-17 08:25:32.686,45115411,BTC-25OCT19-9000-C,717,1571300732686,2.1,2.1,0.006,buy,0,8047.44,64.25
2019-10-17 08:25:32.686,45115412,BTC-25OCT19-9000-C,718,1571300732686,0.1,0.1,0.006,buy,1,8047.44,64.25
2019-10-17 08:25:32.686,45115413,BTC-25OCT19-9000-C,719,1571300732686,2.8000000000000003,2.8000000000000003,0.0065,buy,0,8047.44,65.81
2019-10-17 09:15:28.866,45121913,BTC-25OCT19-9000-C,720,1571303728866,0.4,0.4,0.006,buy,2,8043.66,64.54
2019-10-17 10:57:39.260,45132835,BTC-25OCT19-9000-C,721,1571309859260,0.5,0.5,0.006,buy,3,8074.17,63.33
2019-10-17 11:58:14.107,45136795,BTC-25OCT19-9000-C,722,1571313494107,0.5,0.5,0.006,sell,3,8066.07,63.89
2019-10-17 13:34:13.729,45144463,BTC-25OCT19-9000-C,723,1571319253729,10.0,10.0,0.0065,buy,0,8073.62,65.34
2019-10-17 13:54:16.961,45145555,BTC-25OCT19-9000-C,724,1571320456961,1.0,1.0,0.0055,buy,2,8057.15,63.01
2019-10-17 15:45:38.254,45151149,BTC-25OCT19-9000-C,725,1571327138254,0.1,0.1,0.006,buy,0,8089.47,63.36
2019-10-17 21:26:52.686,45169414,BTC-25OCT19-9000-C,726,1571347612686,0.1,0.1,0.006,buy,1,8055.34,66.1
2019-10-17 21:48:56.366,45170061,BTC-25OCT19-9000-C,727,1571348936366,10.0,10.0,0.006,buy,1,8067.1,65.6
2019-10-17 23:32:04.741,45173482,BTC-25OCT19-9000-C,728,1571355124741,0.5,0.5,0.0055,buy,2,8071.22,64.0
2019-10-17 23:35:09.533,45173579,BTC-25OCT19-9000-C,729,1571355309533,15.0,15.0,0.005,sell,2,8070.37,62.35
