date_utc,tradeId,instrument,tradeSeq,timeStamp,quantity,amount,price,direction,tickDirection,indexPrice,iv
2019-10-11 05:12:25.646,44496719,BTC-18OCT19-8750-C,1,1570770745646,0.3,0.3,0.0285,sell,1,8666.01,58.72
2019-10-11 07:19:10.565,44564097,BTC-18OCT19-8750-C,2,1570778350565,0.1,0.1,0.02,sell,2,8419.02,63.95
2019-10-11 07:57:15.126,44569307,BTC-18OCT19-8750-C,3,1570780635126,6.5,6.5,0.0175,sell,2,8404.1,60.42
2019-10-11 08:03:59.517,44570864,BTC-18OCT19-8750-C,4,1570781039517,0.1,0.1,0.0165,sell,2,8381.17,60.1
2019-10-11 08:04:33.012,44570980,BTC-18OCT19-8750-C,5,1570781073012,6.0,6.0,0.018000000000000002,buy,0,8387.64,62.65
2019-10-11 08:08:50.679,44575855,BTC-18OCT19-8750-C,6,1570781330679,0.8,0.8,0.0155,sell,2,8347.94,60.45
2019-10-11 08:08:50.679,44575856,BTC-18OCT19-8750-C,7,1570781330679,3.2,3.2,0.0155,sell,3,8347.94,60.45
2019-10-11 08:11:15.693,44577286,BTC-18OCT19-8750-C,8,1570781475693,3.0,3.0,0.0145,sell,2,8337.13,59.2
2019-10-11 08:15:20.120,44579490,BTC-18OCT19-8750-C,10,1570781720120,0.8,0.8,0.0145,sell,3,8334.37,59.48
2019-10-11 08:15:20.120,44579489,BTC-18OCT19-8750-C,9,1570781720120,0.8,0.8,0.0145,sell,3,8334.37,59.48
2019-10-11 08:27:08.921,44581344,BTC-18OCT19-8750-C,11,1570782428921,0.1,0.1,0.0155,sell,0,8363.94,59.34
2019-10-11 08:27:17.963,44581347,BTC-18OCT19-8750-C,12,1570782437963,4.0,4.0,0.015,sell,2,8362.13,58.35
2019-10-11 08:35:08.183,44581993,BTC-18OCT19-8750-C,13,1570782908183,5.0,5.0,0.016,buy,0,8369.19,60.0
2019-10-11 08:35:08.869,44581994,BTC-18OCT19-8750-C,14,1570782908869,1.0,1.0,0.016,buy,1,8369.32,59.98
2019-10-11 08:42:59.748,44582412,BTC-18OCT19-8750-C,15,1570783379748,0.8,0.8,0.0155,sell,2,8367.18,59.13
2019-10-11 08:42:59.748,44582413,BTC-18OCT19-8750-C,16,1570783379748,4.2,4.2,0.015,sell,2,8367.18,58.1
2019-10-11 09:02:50.506,44583788,BTC-18OCT19-8750-C,17,1570784570506,2.0,2.0,0.015,sell,3,8364.03,58.38
2019-10-11 09:42:33.438,44585872,BTC-18OCT19-8750-C,18,1570786953438,1.0,1.0,0.0165,buy,0,8374.01,60.85
2019-10-11 11:01:46.148,44588603,BTC-18OCT19-8750-C,19,1570791706148,0.5,0.5,0.0155,sell,2,8376.96,58.83
2019-10-11 11:22:24.037,44592349,BTC-18OCT19-8750-C,20,1570792944037,0.4,0.4,0.015,sell,2,8308.54,62.68
2019-10-11 11:22:24.190,44592351,BTC-18OCT19-8750-C,21,1570792944190,0.4,0.4,0.015,sell,3,8308.54,62.68
2019-10-11 11:22:24.287,44592352,BTC-18OCT19-8750-C,22,1570792944287,0.4,0.4,0.015,sell,3,8308.54,62.68
2019-10-11 11:22:24.329,44592353,BTC-18OCT19-8750-C,23,1570792944329,0.4,0.4,0.015,sell,3,8308.54,62.68
2019-10-11 11:22:24.367,44592354,BTC-18OCT19-8750-C,24,1570792944367,0.4,0.4,0.015,sell,3,8308.54,62.68
2019-10-11 11:22:33.245,44592665,BTC-18OCT19-8750-C,25,1570792953245,15.0,15.0,0.015,sell,3,8299.62,63.24
2019-10-11 11:22:34.847,44592676,BTC-18OCT19-8750-C,26,1570792954847,13.0,13.0,0.015,sell,3,8298.11,63.37
2019-10-11 11:22:39.924,44592749,BTC-18OCT19-8750-C,27,1570792959924,0.4,0.4,0.0135,buy,2,8292.19,60.59
2019-10-11 11:22:41.243,44592784,BTC-18OCT19-8750-C,28,1570792961243,0.4,0.4,0.0135,buy,3,8293.25,60.67
2019-10-11 11:22:48.297,44593038,BTC-18OCT19-8750-C,29,1570792968297,0.2,0.2,0.0135,buy,3,8298.99,60.3
2019-10-11 11:22:48.297,44593039,BTC-18OCT19-8750-C,30,1570792968297,0.2,0.2,0.0135,buy,3,8298.99,60.3
2019-10-11 11:22:48.522,44593042,BTC-18OCT19-8750-C,31,1570792968522,0.8,0.8,0.0135,buy,3,8298.99,60.3
2019-10-11 11:22:48.522,44593043,BTC-18OCT19-8750-C,32,1570792968522,1.0,1.0,0.0135,buy,3,8298.99,60.3
2019-10-11 11:22:48.529,44593044,BTC-18OCT19-8750-C,33,1570792968529,1.0,1.0,0.0135,sell,3,8298.99,60.3
2019-10-11 11:36:23.457,44595109,BTC-18OCT19-8750-C,34,1570793783457,0.4,0.4,0.014,sell,0,8320.94,59.72
2019-10-11 11:36:23.457,44595110,BTC-18OCT19-8750-C,35,1570793783457,0.1,0.1,0.014,sell,1,8320.94,59.72
2019-10-11 11:46:14.671,44596089,BTC-18OCT19-8750-C,36,1570794374671,0.1,0.1,0.014,sell,1,8329.15,59.22
2019-10-11 11:46:56.915,44596163,BTC-18OCT19-8750-C,37,1570794416915,0.1,0.1,0.014,sell,1,8321.87,59.77
2019-10-11 12:01:31.250,44597970,BTC-18OCT19-8750-C,38,1570795291250,0.4,0.4,0.0135,sell,2,8299.75,60.25
2019-10-11 12:01:31.250,44597971,BTC-18OCT19-8750-C,39,1570795291250,4.6000000000000005,4.6000000000000005,0.0135,sell,3,8299.75,60.25
2019-10-11 12:04:33.612,44598844,BTC-18OCT19-8750-C,41,1570795473612,1.6,1.6,0.0135,sell,3,8312.76,59.37
2019-10-11 12:04:33.612,44598843,BTC-18OCT19-8750-C,40,1570795473612,0.4,0.4,0.0135,sell,3,8312.76,59.37
2019-10-11 12:31:11.307,44600628,BTC-18OCT19-8750-C,42,1570797071307,0.4,0.4,0.016,buy,0,8345.0,62.49
2019-10-11 13:12:46.977,44602966,BTC-18OCT19-8750-C,43,1570799566977,0.1,0.1,0.0155,buy,2,8346.95,61.47
2019-10-11 14:02:39.947,44605288,BTC-18OCT19-8750-C,44,1570802559947,4.0,4.0,0.0135,sell,2,8338.54,57.93
2019-10-11 14:35:02.023,44607934,BTC-18OCT19-8750-C,45,1570804502023,1.0,1.0,0.013,sell,2,8303.2,59.36
2019-10-11 14:35:02.023,44607935,BTC-18OCT19-8750-C,46,1570804502023,0.4,0.4,0.013,sell,3,8303.2,59.36
2019-10-11 14:41:50.582,44608965,BTC-18OCT19-8750-C,47,1570804910582,0.2,0.2,0.0155,buy,0,8330.74,62.87
2019-10-11 15:52:16.338,44613467,BTC-18OCT19-8750-C,48,1570809136338,0.3,0.3,0.014,buy,2,8351.79,58.42
2019-10-11 16:33:04.959,44620166,BTC-18OCT19-8750-C,49,1570811584959,11.5,11.5,0.0125,buy,2,8308.46,58.24
2019-10-11 16:56:46.358,44623258,BTC-18OCT19-8750-C,50,1570813006358,0.3,0.3,0.014,buy,0,8341.22,59.27
2019-10-11 17:13:45.570,44625156,BTC-18OCT19-8750-C,51,1570814025570,2.0,2.0,0.014,sell,1,8361.41,57.87
2019-10-11 17:19:27.804,44625349,BTC-18OCT19-8750-C,52,1570814367804,1.1,1.1,0.0145,buy,0,8366.79,58.53
2019-10-11 17:35:26.021,44626998,BTC-18OCT19-8750-C,53,1570815326021,0.1,0.1,0.0135,sell,2,8349.55,57.7
2019-10-11 18:05:14.857,44628753,BTC-18OCT19-8750-C,54,1570817114857,2.0,2.0,0.014,buy,0,8353.4,58.59
2019-10-11 19:06:12.178,44631495,BTC-18OCT19-8750-C,55,1570820772178,0.2,0.2,0.0135,buy,2,8331.29,59.36
2019-10-11 21:40:50.106,44638191,BTC-18OCT19-8750-C,56,1570830050106,0.1,0.1,0.012,buy,2,8311.62,57.84
2019-10-11 22:35:29.262,44639588,BTC-18OCT19-8750-C,57,1570833329262,0.5,0.5,0.0125,buy,0,8343.35,56.86
2019-10-11 23:46:52.981,44643110,BTC-18OCT19-8750-C,58,1570837612981,0.4,0.4,0.011,sell,2,8279.09,57.6
2019-10-11 23:48:09.872,44646619,BTC-18OCT19-8750-C,59,1570837689872,4.0,4.0,0.0105,buy,2,8256.57,58.55
2019-10-12 00:01:34.816,44648979,BTC-18OCT19-8750-C,60,1570838494816,0.1,0.1,0.0115,sell,0,8264.05,60.41
2019-10-12 00:09:57.851,44650041,BTC-18OCT19-8750-C,61,1570838997851,2.6,2.6,0.01,sell,2,8269.39,56.4
2019-10-12 02:52:04.022,44657938,BTC-18OCT19-8750-C,62,1570848724022,0.3,0.3,0.0095,sell,2,8309.28,53.0
2019-10-12 04:56:38.611,44660679,BTC-18OCT19-8750-C,63,1570856198611,2.0,2.0,0.01,buy,0,8320.04,53.88
2019-10-12 10:37:49.115,44671001,BTC-18OCT19-8750-C,64,1570876669115,0.1,0.1,0.009000000000000001,sell,2,8322.23,52.38
2019-10-12 10:37:49.115,44671002,BTC-18OCT19-8750-C,65,1570876669115,0.9,0.9,0.009000000000000001,sell,3,8322.23,52.38
2019-10-12 13:00:32.649,44674616,BTC-18OCT19-8750-C,66,1570885232649,0.5,0.5,0.0105,buy,0,8345.8,54.91
2019-10-12 14:50:46.298,44677841,BTC-18OCT19-8750-C,67,1570891846298,0.1,0.1,0.0115,buy,0,8363.59,56.36
2019-10-12 14:56:35.796,44679540,BTC-18OCT19-8750-C,71,1570892195796,0.1,0.1,0.012,buy,1,8401.47,54.67
2019-10-12 14:56:35.796,44679538,BTC-18OCT19-8750-C,69,1570892195796,1.0,1.0,0.012,buy,1,8401.47,54.67
2019-10-12 14:56:35.796,44679537,BTC-18OCT19-8750-C,68,1570892195796,1.0,1.0,0.012,buy,0,8401.47,54.67
2019-10-12 14:56:35.796,44679539,BTC-18OCT19-8750-C,70,1570892195796,1.0,1.0,0.012,buy,1,8401.47,54.67
2019-10-12 15:55:58.031,44684920,BTC-18OCT19-8750-C,72,1570895758031,0.5,0.5,0.0125,buy,0,8396.05,56.51
2019-10-13 01:10:35.743,44704835,BTC-18OCT19-8750-C,73,1570929035743,0.1,0.1,0.01,sell,2,8339.02,56.7
2019-10-13 01:39:34.865,44706152,BTC-18OCT19-8750-C,74,1570930774865,0.1,0.1,0.0105,sell,0,8360.51,56.4
2019-10-13 01:45:33.729,44706391,BTC-18OCT19-8750-C,75,1570931133729,0.3,0.3,0.0105,buy,1,8353.43,56.99
2019-10-13 09:05:26.233,44715354,BTC-18OCT19-8750-C,76,1570957526233,0.4,0.4,0.0095,sell,2,8359.8,55.57
2019-10-13 09:05:26.235,44715355,BTC-18OCT19-8750-C,77,1570957526235,1.6,1.6,0.0095,buy,3,8359.8,55.57
2019-10-13 11:15:51.286,44718290,BTC-18OCT19-8750-C,78,1570965351286,1.0,1.0,0.01,buy,0,8351.34,58.13
2019-10-13 11:26:48.095,44718799,BTC-18OCT19-8750-C,79,1570966008095,0.6,0.6,0.01,buy,1,8366.51,56.96
2019-10-13 11:33:38.877,44718950,BTC-18OCT19-8750-C,80,1570966418877,0.4,0.4,0.01,buy,1,8367.46,56.92
2019-10-13 11:33:41.299,44718951,BTC-18OCT19-8750-C,81,1570966421299,0.6,0.6,0.01,buy,1,8367.54,56.91
2019-10-13 11:38:22.641,44719344,BTC-18OCT19-8750-C,82,1570966702641,0.4,0.4,0.01,buy,1,8377.27,56.19
2019-10-13 11:38:22.703,44719347,BTC-18OCT19-8750-C,83,1570966702703,0.4,0.4,0.01,buy,1,8377.27,56.19
2019-10-13 11:38:57.672,44719516,BTC-18OCT19-8750-C,84,1570966737672,1.6,1.6,0.01,buy,1,8380.46,55.9
2019-10-13 11:39:26.335,44720064,BTC-18OCT19-8750-C,85,1570966766335,3.7,3.7,0.0105,buy,0,8391.23,56.23
2019-10-13 11:39:26.335,44720065,BTC-18OCT19-8750-C,86,1570966766335,0.1,0.1,0.0105,buy,1,8391.23,56.23
2019-10-13 11:39:27.840,44720094,BTC-18OCT19-8750-C,87,1570966767840,1.0,1.0,0.011,buy,0,8392.24,57.64
2019-10-13 12:44:26.326,44727873,BTC-18OCT19-8750-C,88,1570970666326,0.4,0.4,0.0125,buy,0,8412.43,60.02
2019-10-13 12:44:26.326,44727874,BTC-18OCT19-8750-C,89,1570970666326,0.6,0.6,0.0125,buy,1,8412.43,60.02
2019-10-13 12:46:28.365,44728274,BTC-18OCT19-8750-C,90,1570970788365,1.0,1.0,0.0105,sell,2,8419.49,54.38
2019-10-13 14:43:38.740,44739591,BTC-18OCT19-8750-C,91,1570977818740,1.0,1.0,0.012,buy,0,8437.93,57.03
2019-10-13 14:51:03.467,44740088,BTC-18OCT19-8750-C,92,1570978263467,0.2,0.2,0.012,buy,1,8427.66,57.97
2019-10-13 14:55:44.670,44740220,BTC-18OCT19-8750-C,93,1570978544670,1.0,1.0,0.0115,buy,2,8429.87,56.52
2019-10-13 15:47:11.718,44742010,BTC-18OCT19-8750-C,94,1570981631718,0.4,0.4,0.0115,buy,3,8419.99,57.56
2019-10-13 15:47:31.516,44742012,BTC-18OCT19-8750-C,95,1570981651516,0.4,0.4,0.0115,buy,3,8419.37,57.6
2019-10-13 16:21:59.883,44744559,BTC-18OCT19-8750-C,96,1570983719883,1.0,1.0,0.0115,buy,3,8453.18,54.92
2019-10-13 17:23:03.596,44748334,BTC-18OCT19-8750-C,97,1570987383596,3.0,3.0,0.0105,sell,2,8441.63,53.49
2019-10-13 20:10:47.868,44756776,BTC-18OCT19-8750-C,98,1570997447868,1.0,1.0,0.01,sell,2,8358.25,59.81
2019-10-13 20:11:28.114,44757641,BTC-18OCT19-8750-C,99,1570997488114,10.0,10.0,0.009,sell,2,8337.26,58.48
2019-10-13 20:16:38.722,44767629,BTC-18OCT19-8750-C,100,1570997798722,0.1,0.1,0.0055,sell,2,8163.31,60.89
2019-10-13 20:17:06.715,44769492,BTC-18OCT19-8750-C,101,1570997826715,0.9,0.9,0.006,buy,0,8191.13,60.41
2019-10-13 20:17:06.715,44769493,BTC-18OCT19-8750-C,102,1570997826715,0.1,0.1,0.006,buy,1,8191.13,60.41
2019-10-13 20:36:36.184,44779801,BTC-18OCT19-8750-C,103,1570998996184,1.2,1.2,0.0055,sell,2,8250.33,54.54
2019-10-13 21:04:59.626,44782661,BTC-18OCT19-8750-C,104,1571000699626,0.6,0.6,0.0075,buy,0,8245.75,61.63
2019-10-13 23:10:01.541,44789568,BTC-18OCT19-8750-C,105,1571008201541,8.0,8.0,0.008,sell,0,8296.06,59.89
2019-10-14 00:21:28.108,44793691,BTC-18OCT19-8750-C,106,1571012488108,1.0,1.0,0.007,sell,2,8267.35,59.28
